2014.09.08 01:00:00.280,12.67545,12.67889,0.00,0.00
2014.09.08 01:00:00.586,12.67534,12.67876,0.00,0.00
2014.09.08 01:00:00.791,12.6754,12.67884,0.00,0.00
2014.09.08 01:00:00.994,12.67527,12.67871,0.00,0.00
2014.09.08 01:00:01.406,12.67486,12.6783,0.00,0.00
2014.09.08 01:00:01.786,12.67498,12.67842,0.00,0.00
2014.09.08 01:00:07.210,12.67512,12.67854,0.00,0.00
2014.09.08 01:00:07.311,12.67522,12.67866,0.00,0.00
2014.09.08 01:00:07.412,12.67544,12.67888,0.00,0.00
2014.09.08 01:00:07.728,12.67532,12.67876,0.00,0.00
2014.09.08 01:00:11.202,12.67545,12.67887,0.00,0.00
2014.09.08 01:00:12.889,12.67533,12.67875,0.00,0.00
2014.09.08 01:00:13.791,12.6752,12.67864,0.00,0.00
2014.09.08 01:00:13.892,12.67533,12.67877,0.00,0.00
2014.09.08 01:00:31.730,12.67521,12.67865,0.00,0.00
2014.09.08 01:00:32.032,12.67534,12.67876,0.00,0.00
2014.09.08 01:00:33.743,12.67522,12.67864,0.00,0.00
2014.09.08 01:00:33.843,12.67481,12.67825,0.00,0.00
2014.09.08 01:00:36.777,12.67478,12.67822,0.00,0.00
2014.09.08 01:00:37.596,12.67489,12.67833,0.00,0.00
2014.09.08 01:00:38.865,12.67465,12.67807,0.00,0.00
2014.09.08 01:00:43.291,12.67539,12.67851,0.00,0.00
2014.09.08 01:00:43.392,12.67564,12.67908,0.00,0.00
2014.09.08 01:00:44.311,12.67549,12.67893,0.00,0.00
2014.09.08 01:00:47.731,12.67569,12.67911,0.00,0.00
2014.09.08 01:00:48.399,12.67556,12.679,0.00,0.00
2014.09.08 01:00:48.500,12.67569,12.67913,0.00,0.00
2014.09.08 01:00:51.231,12.67552,12.67896,0.00,0.00
2014.09.08 01:00:54.120,12.67565,12.67907,0.00,0.00
2014.09.08 01:00:59.557,12.67577,12.67921,0.00,0.00
2014.09.08 01:01:00.763,12.67565,12.67909,0.00,0.00
2014.09.08 01:01:01.118,12.67553,12.67897,0.00,0.00
2014.09.08 01:01:01.489,12.67566,12.67908,0.00,0.00
2014.09.08 01:01:01.831,12.67578,12.6792,0.00,0.00
2014.09.08 01:01:02.442,12.67565,12.67909,0.00,0.00
2014.09.08 01:01:03.046,12.67577,12.67921,0.00,0.00
2014.09.08 01:01:04.349,12.67567,12.67909,0.00,0.00
2014.09.08 01:01:07.682,12.67554,12.67896,0.00,0.00
2014.09.08 01:01:27.224,12.67564,12.67906,0.00,0.00
2014.09.08 01:01:29.137,12.67576,12.6792,0.00,0.00
2014.09.08 01:01:29.539,12.67553,12.67895,0.00,0.00
2014.09.08 01:01:29.742,12.67576,12.6792,0.00,0.00
2014.09.08 01:01:30.447,12.67563,12.67907,0.00,0.00
2014.09.08 01:01:41.534,12.67583,12.67927,0.00,0.00
2014.09.08 01:01:45.988,12.67598,12.67927,0.00,0.00
2014.09.08 01:01:46.038,12.67598,12.67938,0.00,0.00
2014.09.08 01:01:46.139,12.67609,12.67953,0.00,0.00
2014.09.08 01:01:46.195,12.6763,12.67974,0.00,0.00
2014.09.08 01:01:46.496,12.67618,12.67962,0.00,0.00
2014.09.08 01:01:51.825,12.67631,12.67975,0.00,0.00
2014.09.08 01:01:52.326,12.67618,12.67962,0.00,0.00
2014.09.08 01:01:55.448,12.67649,12.67974,0.00,0.00
2014.09.08 01:01:55.548,12.67649,12.67986,0.00,0.00
2014.09.08 01:01:55.649,12.67659,12.68001,0.00,0.00
2014.09.08 01:01:55.933,12.67649,12.67989,0.00,0.00
2014.09.08 01:01:56.033,12.67633,12.67977,0.00,0.00
2014.09.08 01:01:56.238,12.67614,12.67958,0.00,0.00
2014.09.08 01:02:00.083,12.67634,12.67976,0.00,0.00
2014.09.08 01:02:00.746,12.67622,12.67966,0.00,0.00
2014.09.08 01:02:04.500,12.67609,12.67951,0.00,0.00
2014.09.08 01:02:04.705,12.67633,12.67977,0.00,0.00
2014.09.08 01:02:06.158,12.67622,12.67966,0.00,0.00
2014.09.08 01:02:06.557,12.67665,12.68007,0.00,0.00
2014.09.08 01:02:06.607,12.67654,12.67998,0.00,0.00
2014.09.08 01:02:06.658,12.67648,12.67982,0.00,0.00
2014.09.08 01:02:07.261,12.67638,12.67982,0.00,0.00
2014.09.08 01:02:07.372,12.67615,12.67957,0.00,0.00
2014.09.08 01:02:07.709,12.67649,12.67977,0.00,0.00
2014.09.08 01:02:07.810,12.67669,12.68011,0.00,0.00
2014.09.08 01:02:08.091,12.67657,12.68001,0.00,0.00
2014.09.08 01:02:08.161,12.67675,12.68017,0.00,0.00
2014.09.08 01:02:09.208,12.67662,12.68006,0.00,0.00
2014.09.08 01:02:09.310,12.67649,12.67992,0.00,0.00
2014.09.08 01:02:09.856,12.67671,12.68013,0.00,0.00
2014.09.08 01:02:13.570,12.67659,12.68001,0.00,0.00
2014.09.08 01:02:14.572,12.67679,12.68023,0.00,0.00
2014.09.08 01:02:14.995,12.67659,12.68001,0.00,0.00
2014.09.08 01:02:16.075,12.6768,12.68024,0.00,0.00
2014.09.08 01:02:17.079,12.67651,12.67992,0.00,0.00
2014.09.08 01:02:19.180,12.67675,12.68017,0.00,0.00
2014.09.08 01:02:20.008,12.67635,12.67977,0.00,0.00
2014.09.08 01:02:20.082,12.67618,12.67962,0.00,0.00
2014.09.08 01:02:20.507,12.67638,12.6798,0.00,0.00
2014.09.08 01:02:22.067,12.67648,12.6798,0.00,0.00
2014.09.08 01:02:22.218,12.6767,12.68014,0.00,0.00
2014.09.08 01:02:22.499,12.67658,12.68002,0.00,0.00
2014.09.08 01:02:22.837,12.67651,12.67985,0.00,0.00
2014.09.08 01:02:22.995,12.67641,12.67985,0.00,0.00
2014.09.08 01:02:23.098,12.67619,12.67961,0.00,0.00
2014.09.08 01:02:30.039,12.67612,12.67913,0.00,0.00
2014.09.08 01:02:30.139,12.67569,12.67913,0.00,0.00
2014.09.08 01:02:30.240,12.6761,12.67952,0.00,0.00
2014.09.08 01:02:30.341,12.67632,12.67976,0.00,0.00
2014.09.08 01:02:30.497,12.67621,12.67963,0.00,0.00
2014.09.08 01:02:41.813,12.67636,12.67978,0.00,0.00
2014.09.08 01:02:42.915,12.67624,12.67968,0.00,0.00
2014.09.08 01:02:57.500,12.67648,12.67968,0.00,0.00
2014.09.08 01:02:57.551,12.67648,12.67978,0.00,0.00
2014.09.08 01:02:57.657,12.67655,12.67997,0.00,0.00
2014.09.08 01:02:57.767,12.67667,12.68009,0.00,0.00
2014.09.08 01:02:58.129,12.67648,12.67986,0.00,0.00
2014.09.08 01:02:58.235,12.67665,12.68009,0.00,0.00
2014.09.08 01:02:58.467,12.67654,12.67996,0.00,0.00
2014.09.08 01:02:58.936,12.67665,12.68009,0.00,0.00
2014.09.08 01:02:59.240,12.67654,12.67996,0.00,0.00
2014.09.08 01:02:59.551,12.67666,12.6801,0.00,0.00
2014.09.08 01:03:00.263,12.67655,12.67999,0.00,0.00
2014.09.08 01:03:00.628,12.67667,12.68011,0.00,0.00
2014.09.08 01:03:00.929,12.67755,12.68097,0.00,0.00
2014.09.08 01:03:01.355,12.67744,12.68086,0.00,0.00
2014.09.08 01:03:03.089,12.67734,12.68076,0.00,0.00
2014.09.08 01:03:03.245,12.67708,12.68052,0.00,0.00
2014.09.08 01:03:03.546,12.67726,12.6807,0.00,0.00
2014.09.08 01:03:12.201,12.67713,12.68057,0.00,0.00
2014.09.08 01:03:13.567,12.67719,12.68063,0.00,0.00
2014.09.08 01:03:13.901,12.67733,12.68075,0.00,0.00
2014.09.08 01:03:16.585,12.67722,12.68064,0.00,0.00
2014.09.08 01:03:31.366,12.67722,12.67982,0.00,0.00
2014.09.08 01:03:31.416,12.67659,12.67982,0.00,0.00
2014.09.08 01:03:31.467,12.67657,12.67982,0.00,0.00
2014.09.08 01:03:31.568,12.67651,12.67979,0.00,0.00
2014.09.08 01:03:31.727,12.67651,12.67992,0.00,0.00
2014.09.08 01:03:31.894,12.67662,12.68004,0.00,0.00
2014.09.08 01:03:31.995,12.67688,12.67992,0.00,0.00
2014.09.08 01:03:32.096,12.67693,12.68035,0.00,0.00
2014.09.08 01:03:32.196,12.67712,12.68056,0.00,0.00
2014.09.08 01:03:32.595,12.67676,12.6802,0.00,0.00
2014.09.08 01:03:32.997,12.67665,12.68009,0.00,0.00
2014.09.08 01:03:33.380,12.67663,12.68007,0.00,0.00
2014.09.08 01:03:33.710,12.67675,12.68019,0.00,0.00
2014.09.08 01:03:38.304,12.67662,12.67989,0.00,0.00
2014.09.08 01:03:39.946,12.67662,12.67978,0.00,0.00
2014.09.08 01:03:40.066,12.67636,12.67978,0.00,0.00
2014.09.08 01:03:40.120,12.67613,12.67957,0.00,0.00
2014.09.08 01:03:40.407,12.67611,12.67943,0.00,0.00
2014.09.08 01:03:40.708,12.67617,12.67959,0.00,0.00
2014.09.08 01:03:40.808,12.67611,12.67947,0.00,0.00
2014.09.08 01:03:41.052,12.67617,12.67959,0.00,0.00
2014.09.08 01:03:41.610,12.67611,12.67946,0.00,0.00
2014.09.08 01:03:41.810,12.67616,12.6796,0.00,0.00
2014.09.08 01:03:43.576,12.67616,12.6795,0.00,0.00
2014.09.08 01:03:43.627,12.67552,12.67894,0.00,0.00
2014.09.08 01:03:44.042,12.67562,12.67904,0.00,0.00
2014.09.08 01:03:44.635,12.67552,12.67892,0.00,0.00
2014.09.08 01:03:44.946,12.6755,12.67892,0.00,0.00
2014.09.08 01:03:45.047,12.67528,12.6787,0.00,0.00
2014.09.08 01:03:45.148,12.67568,12.67912,0.00,0.00
2014.09.08 01:03:45.248,12.67584,12.67926,0.00,0.00
2014.09.08 01:03:45.551,12.67568,12.6791,0.00,0.00
2014.09.08 01:03:45.651,12.67579,12.67923,0.00,0.00
2014.09.08 01:03:45.756,12.67567,12.67911,0.00,0.00
2014.09.08 01:03:49.952,12.67552,12.67894,0.00,0.00
2014.09.08 01:03:51.049,12.67563,12.67905,0.00,0.00
2014.09.08 01:03:51.410,12.67552,12.67893,0.00,0.00
2014.09.08 01:03:51.632,12.67561,12.67905,0.00,0.00
2014.09.08 01:03:51.772,12.67552,12.67893,0.00,0.00
2014.09.08 01:03:51.830,12.67561,12.67905,0.00,0.00
2014.09.08 01:03:51.934,12.67574,12.67918,0.00,0.00
2014.09.08 01:03:52.331,12.67562,12.67906,0.00,0.00
2014.09.08 01:03:52.874,12.67563,12.67905,0.00,0.00
2014.09.08 01:03:53.734,12.67552,12.67893,0.00,0.00
2014.09.08 01:03:54.636,12.67561,12.67905,0.00,0.00
2014.09.08 01:03:59.545,12.67576,12.6792,0.00,0.00
2014.09.08 01:04:01.179,12.67586,12.6793,0.00,0.00
2014.09.08 01:04:01.889,12.67567,12.67909,0.00,0.00
2014.09.08 01:04:11.665,12.67581,12.67923,0.00,0.00
2014.09.08 01:04:12.022,12.67595,12.67937,0.00,0.00
2014.09.08 01:04:23.295,12.6757,12.67914,0.00,0.00
2014.09.08 01:04:23.624,12.67582,12.67924,0.00,0.00
2014.09.08 01:04:23.726,12.67502,12.67845,0.00,0.00
2014.09.08 01:04:23.827,12.67488,12.6782,0.00,0.00
2014.09.08 01:04:23.927,12.67476,12.6782,0.00,0.00
2014.09.08 01:04:24.426,12.67489,12.67831,0.00,0.00
2014.09.08 01:04:24.731,12.67476,12.6782,0.00,0.00
2014.09.08 01:04:24.784,12.67489,12.67831,0.00,0.00
2014.09.08 01:04:25.685,12.67476,12.6782,0.00,0.00
2014.09.08 01:04:26.386,12.67488,12.67832,0.00,0.00
2014.09.08 01:04:26.687,12.67475,12.67819,0.00,0.00
2014.09.08 01:04:27.788,12.67499,12.67841,0.00,0.00
2014.09.08 01:04:28.691,12.67472,12.67816,0.00,0.00
2014.09.08 01:04:28.741,12.67472,12.67771,0.00,0.00
2014.09.08 01:04:28.792,12.67409,12.6774,0.00,0.00
2014.09.08 01:04:28.892,12.67388,12.67718,0.00,0.00
2014.09.08 01:04:28.993,12.67374,12.67718,0.00,0.00
2014.09.08 01:04:29.235,12.67388,12.67732,0.00,0.00
2014.09.08 01:04:29.565,12.67352,12.67696,0.00,0.00
2014.09.08 01:04:30.034,12.67363,12.67707,0.00,0.00
2014.09.08 01:04:39.708,12.6735,12.67694,0.00,0.00
2014.09.08 01:04:42.211,12.67368,12.67712,0.00,0.00
2014.09.08 01:04:48.048,12.67378,12.67722,0.00,0.00
2014.09.08 01:04:48.378,12.67388,12.67732,0.00,0.00
2014.09.08 01:04:49.622,12.67379,12.67721,0.00,0.00
2014.09.08 01:04:59.937,12.67388,12.67732,0.00,0.00
2014.09.08 01:05:00.264,12.67365,12.67707,0.00,0.00
2014.09.08 01:05:00.738,12.67377,12.67719,0.00,0.00
2014.09.08 01:05:08.230,12.67359,12.67701,0.00,0.00
2014.09.08 01:05:09.718,12.67371,12.67713,0.00,0.00
2014.09.08 01:05:28.716,12.67358,12.67702,0.00,0.00
2014.09.08 01:05:28.918,12.67343,12.67685,0.00,0.00
2014.09.08 01:05:29.023,12.67357,12.67701,0.00,0.00
2014.09.08 01:05:29.123,12.67382,12.67726,0.00,0.00
2014.09.08 01:05:29.637,12.6737,12.67712,0.00,0.00
2014.09.08 01:05:59.629,12.67382,12.67724,0.00,0.00
2014.09.08 01:06:00.797,12.67371,12.67715,0.00,0.00
2014.09.08 01:06:21.596,12.67383,12.67727,0.00,0.00
2014.09.08 01:06:22.769,12.67372,12.67714,0.00,0.00
2014.09.08 01:06:22.870,12.67358,12.67702,0.00,0.00
2014.09.08 01:06:26.192,12.67379,12.67721,0.00,0.00
2014.09.08 01:06:27.007,12.67367,12.67709,0.00,0.00
2014.09.08 01:06:31.135,12.67354,12.67698,0.00,0.00
2014.09.08 01:06:31.309,12.67366,12.6771,0.00,0.00
2014.09.08 01:06:34.040,12.67353,12.67697,0.00,0.00
2014.09.08 01:06:34.357,12.67366,12.6771,0.00,0.00
2014.09.08 01:06:34.678,12.67355,12.67697,0.00,0.00
2014.09.08 01:06:35.366,12.67377,12.67721,0.00,0.00
2014.09.08 01:06:35.727,12.67354,12.67698,0.00,0.00
2014.09.08 01:06:36.127,12.67379,12.67721,0.00,0.00
2014.09.08 01:06:37.430,12.67367,12.67709,0.00,0.00
2014.09.08 01:06:37.631,12.67378,12.67722,0.00,0.00
2014.09.08 01:06:37.830,12.67367,12.67709,0.00,0.00
2014.09.08 01:06:38.957,12.6738,12.67724,0.00,0.00
2014.09.08 01:06:39.268,12.67396,12.6774,0.00,0.00
2014.09.08 01:06:39.983,12.67372,12.67716,0.00,0.00
2014.09.08 01:06:43.546,12.67384,12.67728,0.00,0.00
2014.09.08 01:06:43.956,12.67371,12.67715,0.00,0.00
2014.09.08 01:06:44.261,12.67395,12.67739,0.00,0.00
2014.09.08 01:06:47.447,12.67384,12.67726,0.00,0.00
2014.09.08 01:06:48.211,12.67383,12.67727,0.00,0.00
2014.09.08 01:06:49.651,12.6737,12.67714,0.00,0.00
2014.09.08 01:06:50.193,12.67382,12.67726,0.00,0.00
2014.09.08 01:06:51.286,12.67371,12.67713,0.00,0.00
2014.09.08 01:06:52.455,12.67382,12.67726,0.00,0.00
2014.09.08 01:06:55.660,12.67468,12.67751,0.00,0.00
2014.09.08 01:06:55.760,12.67468,12.67812,0.00,0.00
2014.09.08 01:06:55.861,12.67494,12.67832,0.00,0.00
2014.09.08 01:06:55.969,12.67494,12.67836,0.00,0.00
2014.09.08 01:06:56.483,12.67482,12.67824,0.00,0.00
2014.09.08 01:06:59.968,12.67495,12.67837,0.00,0.00
2014.09.08 01:07:00.546,12.67494,12.67838,0.00,0.00
2014.09.08 01:07:00.877,12.67606,12.6795,0.00,0.00
2014.09.08 01:07:01.221,12.67648,12.67905,0.00,0.00
2014.09.08 01:07:01.271,12.67648,12.67953,0.00,0.00
2014.09.08 01:07:01.401,12.67648,12.67983,0.00,0.00
2014.09.08 01:07:01.502,12.67649,12.67993,0.00,0.00
2014.09.08 01:07:01.710,12.6766,12.68004,0.00,0.00
2014.09.08 01:07:02.375,12.67644,12.67986,0.00,0.00
2014.09.08 01:07:02.705,12.67649,12.67966,0.00,0.00
2014.09.08 01:07:02.809,12.67649,12.67985,0.00,0.00
2014.09.08 01:07:02.874,12.67651,12.67995,0.00,0.00
2014.09.08 01:07:02.974,12.67662,12.68006,0.00,0.00
2014.09.08 01:07:03.500,12.67649,12.67987,0.00,0.00
2014.09.08 01:07:03.551,12.67643,12.67987,0.00,0.00
2014.09.08 01:07:03.601,12.67633,12.67977,0.00,0.00
2014.09.08 01:07:03.977,12.67615,12.67959,0.00,0.00
2014.09.08 01:07:04.390,12.67609,12.67953,0.00,0.00
2014.09.08 01:07:09.695,12.67598,12.67917,0.00,0.00
2014.09.08 01:07:09.796,12.67538,12.67866,0.00,0.00
2014.09.08 01:07:10.053,12.67522,12.67866,0.00,0.00
2014.09.08 01:07:10.204,12.67501,12.6784,0.00,0.00
2014.09.08 01:07:10.310,12.67453,12.67795,0.00,0.00
2014.09.08 01:07:10.711,12.67465,12.67807,0.00,0.00
2014.09.08 01:07:16.237,12.67411,12.67755,0.00,0.00
2014.09.08 01:07:16.338,12.67389,12.67725,0.00,0.00
2014.09.08 01:07:16.499,12.67371,12.67715,0.00,0.00
2014.09.08 01:07:27.236,12.67354,12.67696,0.00,0.00
2014.09.08 01:07:27.718,12.67311,12.67708,0.00,0.00
2014.09.08 01:07:27.819,12.67325,12.67667,0.00,0.00
2014.09.08 01:07:28.045,12.67348,12.67692,0.00,0.00
2014.09.08 01:07:28.815,12.67349,12.67691,0.00,0.00
2014.09.08 01:07:29.825,12.67314,12.67656,0.00,0.00
2014.09.08 01:07:29.926,12.67301,12.67645,0.00,0.00
2014.09.08 01:07:30.027,12.67289,12.67633,0.00,0.00
2014.09.08 01:07:30.335,12.67302,12.67646,0.00,0.00
2014.09.08 01:07:42.280,12.67325,12.67667,0.00,0.00
2014.09.08 01:07:42.677,12.67344,12.67686,0.00,0.00
2014.09.08 01:07:42.942,12.67344,12.67688,0.00,0.00
2014.09.08 01:07:53.565,12.67319,12.67663,0.00,0.00
2014.09.08 01:07:53.960,12.67292,12.67593,0.00,0.00
2014.09.08 01:07:55.462,12.67292,12.67615,0.00,0.00
2014.09.08 01:07:56.163,12.67292,12.6759,0.00,0.00
2014.09.08 01:07:56.314,12.67261,12.67562,0.00,0.00
2014.09.08 01:07:56.491,12.67261,12.67575,0.00,0.00
2014.09.08 01:07:56.663,12.67261,12.67587,0.00,0.00
2014.09.08 01:07:59.084,12.6731,12.67603,0.00,0.00
2014.09.08 01:07:59.185,12.6731,12.67626,0.00,0.00
2014.09.08 01:07:59.236,12.67332,12.67626,0.00,0.00
2014.09.08 01:07:59.567,12.67338,12.67639,0.00,0.00
2014.09.08 01:07:59.668,12.67338,12.67653,0.00,0.00
2014.09.08 01:08:02.271,12.67338,12.67637,0.00,0.00
2014.09.08 01:08:02.571,12.67338,12.6765,0.00,0.00
2014.09.08 01:08:06.924,12.6738,12.6765,0.00,0.00
2014.09.08 01:08:07.025,12.67428,12.67706,0.00,0.00
2014.09.08 01:08:07.125,12.67428,12.67739,0.00,0.00
2014.09.08 01:08:07.581,12.67428,12.67752,0.00,0.00
2014.09.08 01:08:08.096,12.67428,12.67751,0.00,0.00
2014.09.08 01:08:09.486,12.67428,12.67738,0.00,0.00
2014.09.08 01:08:10.989,12.67428,12.67723,0.00,0.00
2014.09.08 01:08:11.791,12.67428,12.67741,0.00,0.00
2014.09.08 01:08:12.993,12.67428,12.67729,0.00,0.00
2014.09.08 01:08:13.098,12.67428,12.67753,0.00,0.00
2014.09.08 01:08:14.630,12.67428,12.67741,0.00,0.00
2014.09.08 01:08:15.139,12.67428,12.67737,0.00,0.00
2014.09.08 01:08:16.728,12.67428,12.67749,0.00,0.00
2014.09.08 01:08:17.101,12.67428,12.67737,0.00,0.00
2014.09.08 01:08:18.103,12.67428,12.6775,0.00,0.00
2014.09.08 01:08:18.207,12.67428,12.67737,0.00,0.00
2014.09.08 01:08:18.614,12.67428,12.67725,0.00,0.00
2014.09.08 01:08:18.906,12.67428,12.67736,0.00,0.00
2014.09.08 01:08:20.944,12.67428,12.67772,0.00,0.00
2014.09.08 01:08:23.726,12.67428,12.67758,0.00,0.00
2014.09.08 01:08:23.814,12.67428,12.6777,0.00,0.00
2014.09.08 01:08:24.114,12.67428,12.67758,0.00,0.00
2014.09.08 01:08:27.951,12.67428,12.67742,0.00,0.00
2014.09.08 01:08:28.039,12.67428,12.67767,0.00,0.00
2014.09.08 01:08:28.354,12.67428,12.67755,0.00,0.00
2014.09.08 01:08:29.043,12.67428,12.67767,0.00,0.00
2014.09.08 01:08:31.675,12.67428,12.67755,0.00,0.00
2014.09.08 01:08:34.677,12.67428,12.67739,0.00,0.00
2014.09.08 01:08:35.379,12.67428,12.67751,0.00,0.00
2014.09.08 01:08:36.918,12.67428,12.67772,0.00,0.00
2014.09.08 01:08:39.873,12.67422,12.67772,0.00,0.00
2014.09.08 01:08:40.024,12.67422,12.67735,0.00,0.00
2014.09.08 01:08:40.192,12.67421,12.67765,0.00,0.00
2014.09.08 01:08:40.243,12.67429,12.67765,0.00,0.00
2014.09.08 01:08:40.664,12.67429,12.67753,0.00,0.00
2014.09.08 01:08:40.716,12.67429,12.67765,0.00,0.00
2014.09.08 01:08:41.098,12.67429,12.67752,0.00,0.00
2014.09.08 01:08:43.625,12.67429,12.67769,0.00,0.00
2014.09.08 01:08:46.915,12.67429,12.67748,0.00,0.00
2014.09.08 01:08:54.515,12.67489,12.67763,0.00,0.00
2014.09.08 01:08:54.616,12.67512,12.67806,0.00,0.00
2014.09.08 01:08:54.716,12.67512,12.67845,0.00,0.00
2014.09.08 01:08:54.767,12.67539,12.67845,0.00,0.00
2014.09.08 01:08:54.940,12.67539,12.67864,0.00,0.00
2014.09.08 01:08:56.393,12.67512,12.67864,0.00,0.00
2014.09.08 01:08:56.444,12.67489,12.67816,0.00,0.00
2014.09.08 01:08:56.933,12.67489,12.67799,0.00,0.00
2014.09.08 01:08:58.045,12.6748,12.6778,0.00,0.00
2014.09.08 01:08:58.095,12.67432,12.6778,0.00,0.00
2014.09.08 01:08:58.146,12.67432,12.67748,0.00,0.00
2014.09.08 01:09:00.954,12.67432,12.67734,0.00,0.00
2014.09.08 01:09:06.426,12.67432,12.67746,0.00,0.00
2014.09.08 01:09:10.031,12.67432,12.6776,0.00,0.00
2014.09.08 01:09:10.081,12.67538,12.6776,0.00,0.00
2014.09.08 01:09:10.132,12.67538,12.67827,0.00,0.00
2014.09.08 01:09:10.233,12.67538,12.67848,0.00,0.00
2014.09.08 01:09:10.632,12.67538,12.67832,0.00,0.00
2014.09.08 01:09:10.844,12.67538,12.67846,0.00,0.00
2014.09.08 01:09:11.657,12.67538,12.67858,0.00,0.00
2014.09.08 01:09:11.963,12.67538,12.67831,0.00,0.00
2014.09.08 01:09:12.270,12.67538,12.67853,0.00,0.00
2014.09.08 01:09:12.577,12.67538,12.67827,0.00,0.00
2014.09.08 01:09:13.337,12.67538,12.67859,0.00,0.00
2014.09.08 01:09:14.166,12.67538,12.67847,0.00,0.00
2014.09.08 01:09:14.840,12.67538,12.67859,0.00,0.00
2014.09.08 01:09:16.042,12.67538,12.67847,0.00,0.00
2014.09.08 01:09:16.142,12.67538,12.67874,0.00,0.00
2014.09.08 01:09:16.243,12.67538,12.67861,0.00,0.00
2014.09.08 01:09:16.444,12.67538,12.67874,0.00,0.00
2014.09.08 01:09:16.548,12.67538,12.67857,0.00,0.00
2014.09.08 01:09:21.151,12.67538,12.6787,0.00,0.00
2014.09.08 01:09:21.478,12.67538,12.67875,0.00,0.00
2014.09.08 01:09:21.758,12.67538,12.67864,0.00,0.00
2014.09.08 01:09:22.088,12.67538,12.67876,0.00,0.00
2014.09.08 01:09:22.369,12.67538,12.67861,0.00,0.00
2014.09.08 01:09:24.503,12.67538,12.67874,0.00,0.00
2014.09.08 01:09:28.905,12.67538,12.67856,0.00,0.00
2014.09.08 01:09:43.386,12.67538,12.67878,0.00,0.00
2014.09.08 01:09:49.696,12.67538,12.67856,0.00,0.00
2014.09.08 01:09:49.817,12.67538,12.67879,0.00,0.00
2014.09.08 01:09:50.426,12.67538,12.6788,0.00,0.00
2014.09.08 01:09:51.700,12.67538,12.67857,0.00,0.00
2014.09.08 01:09:51.804,12.67538,12.6788,0.00,0.00
2014.09.08 01:09:52.601,12.67538,12.67868,0.00,0.00
2014.09.08 01:09:56.909,12.67538,12.67879,0.00,0.00
2014.09.08 01:09:57.810,12.67538,12.67868,0.00,0.00
2014.09.08 01:09:58.512,12.67538,12.67852,0.00,0.00
2014.09.08 01:10:00.636,12.67538,12.6787,0.00,0.00
2014.09.08 01:10:10.132,12.67509,12.67846,0.00,0.00
2014.09.08 01:10:10.233,12.6751,12.67831,0.00,0.00
2014.09.08 01:10:10.433,12.67509,12.6786,0.00,0.00
2014.09.08 01:10:10.534,12.67509,12.67847,0.00,0.00
2014.09.08 01:10:11.135,12.6751,12.67862,0.00,0.00
2014.09.08 01:10:12.807,12.67509,12.67862,0.00,0.00
2014.09.08 01:10:13.421,12.67541,12.67862,0.00,0.00
2014.09.08 01:10:15.658,12.6758,12.67862,0.00,0.00
2014.09.08 01:10:15.761,12.67541,12.67862,0.00,0.00
2014.09.08 01:10:23.264,12.67541,12.67836,0.00,0.00
2014.09.08 01:10:24.063,12.67541,12.6785,0.00,0.00
2014.09.08 01:10:24.506,12.67541,12.67838,0.00,0.00
2014.09.08 01:10:27.069,12.67541,12.67827,0.00,0.00
2014.09.08 01:10:27.315,12.67541,12.67872,0.00,0.00
2014.09.08 01:10:27.670,12.67541,12.67851,0.00,0.00
2014.09.08 01:10:27.971,12.67541,12.67864,0.00,0.00
2014.09.08 01:10:28.973,12.67541,12.67876,0.00,0.00
2014.09.08 01:10:36.483,12.67541,12.67852,0.00,0.00
2014.09.08 01:10:43.325,12.67541,12.67875,0.00,0.00
2014.09.08 01:10:46.739,12.67541,12.67848,0.00,0.00
2014.09.08 01:10:55.256,12.67541,12.67873,0.00,0.00
2014.09.08 01:11:00.830,12.67542,12.67873,0.00,0.00
2014.09.08 01:11:15.840,12.67542,12.67871,0.00,0.00
2014.09.08 01:11:36.808,12.67542,12.6787,0.00,0.00
2014.09.08 01:11:50.392,12.67542,12.67886,0.00,0.00
2014.09.08 01:11:50.721,12.67542,12.67874,0.00,0.00
2014.09.08 01:11:55.829,12.67541,12.67874,0.00,0.00
2014.09.08 01:12:00.322,12.67541,12.67862,0.00,0.00
2014.09.08 01:12:10.338,12.67541,12.67884,0.00,0.00
2014.09.08 01:12:12.328,12.67582,12.67884,0.00,0.00
2014.09.08 01:12:15.881,12.67582,12.67869,0.00,0.00
2014.09.08 01:12:21.714,12.67582,12.67856,0.00,0.00
2014.09.08 01:12:29.307,12.67582,12.6788,0.00,0.00
2014.09.08 01:12:42.889,12.6759,12.67894,0.00,0.00
2014.09.08 01:12:42.939,12.67648,12.67894,0.00,0.00
2014.09.08 01:12:42.990,12.67648,12.67918,0.00,0.00
2014.09.08 01:12:43.135,12.67598,12.67918,0.00,0.00
2014.09.08 01:12:43.238,12.67621,12.67918,0.00,0.00
2014.09.08 01:12:43.779,12.67621,12.67893,0.00,0.00
2014.09.08 01:12:43.857,12.67621,12.67917,0.00,0.00
2014.09.08 01:12:44.490,12.67621,12.67893,0.00,0.00
2014.09.08 01:12:45.774,12.67621,12.67848,0.00,0.00
2014.09.08 01:12:45.925,12.67582,12.67848,0.00,0.00
2014.09.08 01:12:49.111,12.67582,12.67871,0.00,0.00
2014.09.08 01:12:52.462,12.6759,12.67871,0.00,0.00
2014.09.08 01:12:52.779,12.67661,12.67926,0.00,0.00
2014.09.08 01:12:53.011,12.67661,12.67935,0.00,0.00
2014.09.08 01:12:55.885,12.67661,12.67922,0.00,0.00
2014.09.08 01:12:59.609,12.67661,12.67943,0.00,0.00
2014.09.08 01:13:00.801,12.67661,12.67931,0.00,0.00
2014.09.08 01:13:03.917,12.67661,12.67943,0.00,0.00
2014.09.08 01:13:06.867,12.67661,12.67926,0.00,0.00
2014.09.08 01:13:07.268,12.67661,12.67948,0.00,0.00
2014.09.08 01:13:07.381,12.67661,12.67936,0.00,0.00
2014.09.08 01:13:07.792,12.67661,12.67947,0.00,0.00
2014.09.08 01:13:07.895,12.67661,12.67936,0.00,0.00
2014.09.08 01:13:08.258,12.67661,12.67948,0.00,0.00
2014.09.08 01:13:08.349,12.67661,12.67959,0.00,0.00
2014.09.08 01:13:14.073,12.67661,12.67972,0.00,0.00
2014.09.08 01:13:17.725,12.67661,12.67955,0.00,0.00
2014.09.08 01:13:18.586,12.67661,12.67943,0.00,0.00
2014.09.08 01:13:19.708,12.67661,12.67921,0.00,0.00
2014.09.08 01:13:19.758,12.67622,12.67921,0.00,0.00
2014.09.08 01:13:19.859,12.67649,12.67921,0.00,0.00
2014.09.08 01:13:19.909,12.67661,12.67936,0.00,0.00
2014.09.08 01:13:20.237,12.67661,12.67953,0.00,0.00
2014.09.08 01:13:20.390,12.67661,12.6794,0.00,0.00
2014.09.08 01:13:20.691,12.67661,12.67957,0.00,0.00
2014.09.08 01:13:20.892,12.67661,12.67946,0.00,0.00
2014.09.08 01:13:25.446,12.67661,12.67934,0.00,0.00
2014.09.08 01:13:25.705,12.67661,12.67946,0.00,0.00
2014.09.08 01:13:25.806,12.67661,12.67933,0.00,0.00
2014.09.08 01:13:26.008,12.67661,12.67957,0.00,0.00
2014.09.08 01:13:26.110,12.67661,12.67945,0.00,0.00
2014.09.08 01:13:26.338,12.67661,12.67957,0.00,0.00
2014.09.08 01:13:26.714,12.67661,12.67939,0.00,0.00
2014.09.08 01:13:27.115,12.67661,12.67951,0.00,0.00
2014.09.08 01:13:27.463,12.67661,12.67963,0.00,0.00
2014.09.08 01:13:27.760,12.67661,12.67952,0.00,0.00
2014.09.08 01:13:28.636,12.67661,12.67964,0.00,0.00
2014.09.08 01:13:29.326,12.67661,12.67952,0.00,0.00
2014.09.08 01:13:45.262,12.67661,12.67967,0.00,0.00
2014.09.08 01:13:53.886,12.67661,12.67955,0.00,0.00
2014.09.08 01:13:56.082,12.67661,12.67967,0.00,0.00
2014.09.08 01:13:56.687,12.67661,12.67954,0.00,0.00
2014.09.08 01:14:00.899,12.67661,12.67968,0.00,0.00
2014.09.08 01:14:07.321,12.67661,12.67954,0.00,0.00
2014.09.08 01:14:07.925,12.67661,12.67979,0.00,0.00
2014.09.08 01:14:08.604,12.67661,12.67954,0.00,0.00
2014.09.08 01:14:08.873,12.67661,12.67979,0.00,0.00
2014.09.08 01:14:09.277,12.67682,12.67979,0.00,0.00
2014.09.08 01:14:09.585,12.67682,12.67954,0.00,0.00
2014.09.08 01:14:10.743,12.67682,12.67968,0.00,0.00
2014.09.08 01:14:12.226,12.67648,12.67968,0.00,0.00
2014.09.08 01:14:15.297,12.67648,12.6798,0.00,0.00
2014.09.08 01:14:15.662,12.67648,12.67967,0.00,0.00
2014.09.08 01:14:16.287,12.67648,12.67955,0.00,0.00
2014.09.08 01:14:16.466,12.67648,12.6798,0.00,0.00
2014.09.08 01:14:16.868,12.67648,12.67968,0.00,0.00
2014.09.08 01:14:17.213,12.67648,12.67956,0.00,0.00
2014.09.08 01:14:17.821,12.67648,12.67967,0.00,0.00
2014.09.08 01:14:17.874,12.67648,12.67979,0.00,0.00
2014.09.08 01:14:18.390,12.67648,12.67955,0.00,0.00
2014.09.08 01:14:18.593,12.67648,12.6798,0.00,0.00
2014.09.08 01:14:19.591,12.67648,12.67968,0.00,0.00
2014.09.08 01:14:19.815,12.67648,12.6798,0.00,0.00
2014.09.08 01:14:20.230,12.67648,12.67955,0.00,0.00
2014.09.08 01:14:20.481,12.67612,12.67955,0.00,0.00
2014.09.08 01:14:20.683,12.67612,12.67967,0.00,0.00
2014.09.08 01:14:20.788,12.67612,12.6798,0.00,0.00
2014.09.08 01:14:21.391,12.67612,12.67968,0.00,0.00
2014.09.08 01:14:22.094,12.67612,12.67956,0.00,0.00
2014.09.08 01:14:22.245,12.67612,12.67967,0.00,0.00
2014.09.08 01:14:22.297,12.67612,12.67979,0.00,0.00
2014.09.08 01:14:22.498,12.67612,12.67967,0.00,0.00
2014.09.08 01:14:22.839,12.67612,12.67956,0.00,0.00
2014.09.08 01:14:27.617,12.67612,12.67968,0.00,0.00
2014.09.08 01:14:27.751,12.67612,12.6798,0.00,0.00
2014.09.08 01:14:30.531,12.67612,12.67956,0.00,0.00
2014.09.08 01:14:31.036,12.67612,12.6797,0.00,0.00
2014.09.08 01:14:31.237,12.67612,12.67941,0.00,0.00
2014.09.08 01:14:31.786,12.67612,12.67969,0.00,0.00
2014.09.08 01:14:31.837,12.67602,12.67969,0.00,0.00
2014.09.08 01:14:31.906,12.67648,12.67969,0.00,0.00
2014.09.08 01:14:32.690,12.67648,12.67956,0.00,0.00
2014.09.08 01:14:32.898,12.67648,12.6798,0.00,0.00
2014.09.08 01:14:33.000,12.67648,12.67968,0.00,0.00
2014.09.08 01:14:33.955,12.67648,12.67957,0.00,0.00
2014.09.08 01:14:34.156,12.67648,12.67969,0.00,0.00
2014.09.08 01:14:34.558,12.67648,12.67981,0.00,0.00
2014.09.08 01:14:35.101,12.67648,12.67968,0.00,0.00
2014.09.08 01:14:35.492,12.67648,12.67956,0.00,0.00
2014.09.08 01:14:35.764,12.67648,12.67969,0.00,0.00
2014.09.08 01:14:35.865,12.67648,12.67981,0.00,0.00
2014.09.08 01:14:36.165,12.67648,12.67968,0.00,0.00
2014.09.08 01:14:36.466,12.67648,12.6798,0.00,0.00
2014.09.08 01:14:36.885,12.67648,12.67969,0.00,0.00
2014.09.08 01:14:38.075,12.67648,12.67956,0.00,0.00
2014.09.08 01:14:41.892,12.67648,12.67967,0.00,0.00
2014.09.08 01:14:42.193,12.67648,12.67981,0.00,0.00
2014.09.08 01:14:42.294,12.67648,12.67967,0.00,0.00
2014.09.08 01:14:49.318,12.67648,12.6798,0.00,0.00
2014.09.08 01:14:49.728,12.67648,12.67956,0.00,0.00
2014.09.08 01:14:50.222,12.67648,12.67969,0.00,0.00
2014.09.08 01:14:52.928,12.67648,12.67958,0.00,0.00
2014.09.08 01:14:54.433,12.67648,12.6797,0.00,0.00
2014.09.08 01:14:54.732,12.67648,12.67957,0.00,0.00
2014.09.08 01:14:55.950,12.67648,12.67976,0.00,0.00
2014.09.08 01:14:58.152,12.67648,12.67957,0.00,0.00
2014.09.08 01:14:58.358,12.67648,12.67969,0.00,0.00
2014.09.08 01:14:58.460,12.67648,12.67957,0.00,0.00
2014.09.08 01:15:00.393,12.67648,12.67982,0.00,0.00
2014.09.08 01:15:01.469,12.67648,12.6797,0.00,0.00
2014.09.08 01:15:04.171,12.67648,12.67958,0.00,0.00
2014.09.08 01:15:04.966,12.67648,12.67982,0.00,0.00
2014.09.08 01:15:06.369,12.67648,12.67962,0.00,0.00
2014.09.08 01:15:09.103,12.67648,12.67985,0.00,0.00
2014.09.08 01:15:12.721,12.67648,12.67974,0.00,0.00
2014.09.08 01:15:14.098,12.67648,12.67961,0.00,0.00
2014.09.08 01:15:14.301,12.67648,12.67974,0.00,0.00
2014.09.08 01:15:14.402,12.67648,12.67986,0.00,0.00
2014.09.08 01:15:16.612,12.67648,12.67961,0.00,0.00
2014.09.08 01:15:20.222,12.67648,12.67984,0.00,0.00
2014.09.08 01:15:21.123,12.67648,12.6796,0.00,0.00
2014.09.08 01:15:21.424,12.67648,12.67985,0.00,0.00
2014.09.08 01:15:21.524,12.67648,12.6797,0.00,0.00
2014.09.08 01:15:22.063,12.67648,12.67969,0.00,0.00
2014.09.08 01:15:29.456,12.67648,12.67977,0.00,0.00
2014.09.08 01:15:29.514,12.67679,12.67977,0.00,0.00
2014.09.08 01:15:29.565,12.67742,12.68072,0.00,0.00
2014.09.08 01:15:29.615,12.67779,12.68072,0.00,0.00
2014.09.08 01:15:29.665,12.67779,12.68088,0.00,0.00
2014.09.08 01:15:29.716,12.67781,12.68088,0.00,0.00
2014.09.08 01:15:29.766,12.67781,12.68091,0.00,0.00
2014.09.08 01:15:29.817,12.67739,12.68091,0.00,0.00
2014.09.08 01:15:29.973,12.67738,12.68068,0.00,0.00
2014.09.08 01:15:36.759,12.67738,12.68075,0.00,0.00
2014.09.08 01:15:37.061,12.67745,12.68089,0.00,0.00
2014.09.08 01:15:37.162,12.67738,12.68069,0.00,0.00
2014.09.08 01:15:40.374,12.67745,12.68089,0.00,0.00
2014.09.08 01:15:40.797,12.67738,12.68077,0.00,0.00
2014.09.08 01:15:48.410,12.6775,12.68094,0.00,0.00
2014.09.08 01:15:48.813,12.67739,12.68081,0.00,0.00
2014.09.08 01:15:50.224,12.67738,12.68069,0.00,0.00
2014.09.08 01:15:50.425,12.67738,12.68081,0.00,0.00
2014.09.08 01:15:50.928,12.67751,12.68093,0.00,0.00
2014.09.08 01:15:51.230,12.67738,12.68082,0.00,0.00
2014.09.08 01:15:52.859,12.6775,12.68094,0.00,0.00
2014.09.08 01:15:55.451,12.67739,12.68083,0.00,0.00
2014.09.08 01:15:56.153,12.67738,12.6807,0.00,0.00
2014.09.08 01:15:56.856,12.6774,12.68082,0.00,0.00
2014.09.08 01:15:57.008,12.67738,12.6807,0.00,0.00
2014.09.08 01:15:57.306,12.67738,12.68082,0.00,0.00
2014.09.08 01:16:00.207,12.67752,12.68096,0.00,0.00
2014.09.08 01:16:01.225,12.67741,12.68083,0.00,0.00
2014.09.08 01:16:03.799,12.67753,12.68095,0.00,0.00
2014.09.08 01:16:04.187,12.67738,12.68071,0.00,0.00
2014.09.08 01:16:04.307,12.6774,12.68084,0.00,0.00
2014.09.08 01:16:08.020,12.67754,12.68096,0.00,0.00
2014.09.08 01:16:08.121,12.67741,12.68085,0.00,0.00
2014.09.08 01:16:08.271,12.67738,12.68071,0.00,0.00
2014.09.08 01:16:08.372,12.67753,12.68097,0.00,0.00
2014.09.08 01:16:09.228,12.67741,12.68085,0.00,0.00
2014.09.08 01:16:10.233,12.67753,12.68097,0.00,0.00
2014.09.08 01:16:11.035,12.67742,12.68086,0.00,0.00
2014.09.08 01:16:11.915,12.67771,12.68086,0.00,0.00
2014.09.08 01:16:16.825,12.67789,12.68086,0.00,0.00
2014.09.08 01:16:16.957,12.67861,12.68178,0.00,0.00
2014.09.08 01:16:17.159,12.67861,12.68149,0.00,0.00
2014.09.08 01:16:17.259,12.67861,12.68173,0.00,0.00
2014.09.08 01:16:17.360,12.67861,12.6815,0.00,0.00
2014.09.08 01:16:19.776,12.67861,12.68171,0.00,0.00
2014.09.08 01:16:19.877,12.67861,12.68158,0.00,0.00
2014.09.08 01:16:20.580,12.67861,12.68183,0.00,0.00
2014.09.08 01:16:21.311,12.67861,12.68168,0.00,0.00
2014.09.08 01:16:21.514,12.67861,12.6818,0.00,0.00
2014.09.08 01:16:21.720,12.67861,12.68168,0.00,0.00
2014.09.08 01:16:21.824,12.67861,12.6818,0.00,0.00
2014.09.08 01:16:21.899,12.67861,12.68167,0.00,0.00
2014.09.08 01:16:23.207,12.67861,12.68192,0.00,0.00
2014.09.08 01:16:26.229,12.67861,12.68202,0.00,0.00
2014.09.08 01:16:26.523,12.67861,12.68189,0.00,0.00
2014.09.08 01:16:28.432,12.67861,12.68176,0.00,0.00
2014.09.08 01:16:29.579,12.67861,12.68199,0.00,0.00
2014.09.08 01:16:30.541,12.67861,12.68183,0.00,0.00
2014.09.08 01:16:30.929,12.67861,12.68172,0.00,0.00
2014.09.08 01:16:32.245,12.67861,12.68184,0.00,0.00
2014.09.08 01:16:35.151,12.67861,12.68196,0.00,0.00
2014.09.08 01:16:35.252,12.67861,12.68183,0.00,0.00
2014.09.08 01:16:43.469,12.67861,12.68199,0.00,0.00
2014.09.08 01:16:43.670,12.67861,12.68186,0.00,0.00
2014.09.08 01:16:44.272,12.67861,12.682,0.00,0.00
2014.09.08 01:16:45.883,12.67861,12.68188,0.00,0.00
2014.09.08 01:16:46.997,12.67861,12.68199,0.00,0.00
2014.09.08 01:16:49.794,12.67861,12.6819,0.00,0.00
2014.09.08 01:17:10.358,12.67861,12.68175,0.00,0.00
2014.09.08 01:17:10.861,12.67861,12.68188,0.00,0.00
2014.09.08 01:17:13.797,12.67861,12.68176,0.00,0.00
2014.09.08 01:17:17.682,12.67861,12.68174,0.00,0.00
2014.09.08 01:17:18.283,12.67861,12.68186,0.00,0.00
2014.09.08 01:17:20.992,12.67861,12.682,0.00,0.00
2014.09.08 01:17:30.160,12.67861,12.68175,0.00,0.00
2014.09.08 01:17:31.518,12.67861,12.68187,0.00,0.00
2014.09.08 01:17:35.426,12.67861,12.68201,0.00,0.00
2014.09.08 01:17:35.531,12.67872,12.68214,0.00,0.00
2014.09.08 01:17:35.727,12.67883,12.68227,0.00,0.00
2014.09.08 01:17:36.528,12.67861,12.68202,0.00,0.00
2014.09.08 01:17:36.989,12.67861,12.68181,0.00,0.00
2014.09.08 01:17:37.935,12.67861,12.68203,0.00,0.00
2014.09.08 01:17:38.176,12.67861,12.68192,0.00,0.00
2014.09.08 01:17:40.352,12.67861,12.68204,0.00,0.00
2014.09.08 01:17:42.183,12.67861,12.68185,0.00,0.00
2014.09.08 01:17:42.284,12.67861,12.68198,0.00,0.00
2014.09.08 01:17:43.299,12.67867,12.68209,0.00,0.00
2014.09.08 01:17:44.654,12.67861,12.68185,0.00,0.00
2014.09.08 01:17:46.304,12.67861,12.68205,0.00,0.00
2014.09.08 01:17:46.563,12.67861,12.68193,0.00,0.00
2014.09.08 01:17:46.764,12.67861,12.68205,0.00,0.00
2014.09.08 01:17:46.966,12.67861,12.68192,0.00,0.00
2014.09.08 01:17:47.167,12.67861,12.68205,0.00,0.00
2014.09.08 01:17:47.277,12.67861,12.68193,0.00,0.00
2014.09.08 01:17:47.379,12.67861,12.68205,0.00,0.00
2014.09.08 01:17:48.005,12.67861,12.68181,0.00,0.00
2014.09.08 01:17:48.285,12.67861,12.68192,0.00,0.00
2014.09.08 01:17:49.325,12.67862,12.68204,0.00,0.00
2014.09.08 01:17:49.734,12.67873,12.68217,0.00,0.00
2014.09.08 01:17:49.936,12.67862,12.68204,0.00,0.00
2014.09.08 01:17:50.490,12.67861,12.68193,0.00,0.00
2014.09.08 01:17:51.193,12.67861,12.68205,0.00,0.00
2014.09.08 01:17:52.397,12.67874,12.68216,0.00,0.00
2014.09.08 01:17:56.541,12.67861,12.68205,0.00,0.00
2014.09.08 01:17:57.218,12.67861,12.68193,0.00,0.00
2014.09.08 01:17:57.323,12.67861,12.68205,0.00,0.00
2014.09.08 01:17:57.530,12.67873,12.68217,0.00,0.00
2014.09.08 01:17:57.861,12.67861,12.68193,0.00,0.00
2014.09.08 01:17:58.214,12.67861,12.68181,0.00,0.00
2014.09.08 01:17:58.315,12.67863,12.68207,0.00,0.00
2014.09.08 01:17:58.615,12.67861,12.68182,0.00,0.00
2014.09.08 01:17:58.916,12.67861,12.68194,0.00,0.00
2014.09.08 01:18:02.428,12.67861,12.68181,0.00,0.00
2014.09.08 01:18:02.630,12.67861,12.68194,0.00,0.00
2014.09.08 01:18:04.235,12.67863,12.68205,0.00,0.00
2014.09.08 01:18:07.985,12.67871,12.68176,0.00,0.00
2014.09.08 01:18:08.384,12.67871,12.68185,0.00,0.00
2014.09.08 01:18:08.485,12.67871,12.68205,0.00,0.00
2014.09.08 01:18:08.587,12.67871,12.68195,0.00,0.00
2014.09.08 01:18:10.655,12.67871,12.6818,0.00,0.00
2014.09.08 01:18:12.399,12.67841,12.6818,0.00,0.00
2014.09.08 01:18:13.407,12.67849,12.68193,0.00,0.00
2014.09.08 01:18:14.561,12.67861,12.68205,0.00,0.00
2014.09.08 01:18:16.697,12.67847,12.68189,0.00,0.00
2014.09.08 01:18:20.276,12.67841,12.68177,0.00,0.00
2014.09.08 01:18:20.778,12.67865,12.68209,0.00,0.00
2014.09.08 01:18:21.214,12.67854,12.68198,0.00,0.00
2014.09.08 01:18:21.827,12.67841,12.68185,0.00,0.00
2014.09.08 01:18:24.992,12.67853,12.68197,0.00,0.00
2014.09.08 01:18:25.545,12.67866,12.68208,0.00,0.00
2014.09.08 01:18:26.799,12.67879,12.68221,0.00,0.00
2014.09.08 01:18:28.306,12.67857,12.68201,0.00,0.00
2014.09.08 01:18:34.426,12.67869,12.68213,0.00,0.00
2014.09.08 01:18:45.555,12.67853,12.68197,0.00,0.00
2014.09.08 01:18:46.024,12.67878,12.6822,0.00,0.00
2014.09.08 01:18:48.289,12.67866,12.68208,0.00,0.00
2014.09.08 01:18:48.666,12.67854,12.68196,0.00,0.00
2014.09.08 01:18:51.770,12.67863,12.68207,0.00,0.00
2014.09.08 01:18:55.698,12.67843,12.68187,0.00,0.00
2014.09.08 01:18:56.478,12.67856,12.68198,0.00,0.00
2014.09.08 01:19:01.286,12.67841,12.68181,0.00,0.00
2014.09.08 01:19:01.893,12.67839,12.68181,0.00,0.00
2014.09.08 01:19:01.998,12.67813,12.68155,0.00,0.00
2014.09.08 01:19:02.288,12.67823,12.68167,0.00,0.00
2014.09.08 01:19:05.933,12.67811,12.68155,0.00,0.00
2014.09.08 01:19:07.645,12.67823,12.68167,0.00,0.00
2014.09.08 01:19:16.208,12.67868,12.68212,0.00,0.00
2014.09.08 01:19:23.817,12.67849,12.68191,0.00,0.00
2014.09.08 01:19:24.519,12.67848,12.68192,0.00,0.00
2014.09.08 01:19:24.820,12.67931,12.68275,0.00,0.00
2014.09.08 01:19:25.263,12.67953,12.68297,0.00,0.00
2014.09.08 01:19:25.821,12.67941,12.68285,0.00,0.00
2014.09.08 01:19:29.952,12.67928,12.68267,0.00,0.00
2014.09.08 01:19:30.059,12.67949,12.68293,0.00,0.00
2014.09.08 01:19:32.431,12.67928,12.68269,0.00,0.00
2014.09.08 01:19:34.834,12.67939,12.68281,0.00,0.00
2014.09.08 01:19:39.558,12.67955,12.68299,0.00,0.00
2014.09.08 01:19:39.888,12.67967,12.68309,0.00,0.00
2014.09.08 01:19:40.444,12.67945,12.68287,0.00,0.00
2014.09.08 01:19:42.549,12.67959,12.68303,0.00,0.00
2014.09.08 01:19:42.649,12.67971,12.68315,0.00,0.00
2014.09.08 01:19:44.576,12.6796,12.68304,0.00,0.00
2014.09.08 01:19:47.657,12.67974,12.68316,0.00,0.00
2014.09.08 01:19:48.805,12.67949,12.68293,0.00,0.00
2014.09.08 01:19:49.500,12.67961,12.68305,0.00,0.00
2014.09.08 01:19:51.366,12.67948,12.68292,0.00,0.00
2014.09.08 01:19:52.092,12.67962,12.68304,0.00,0.00
2014.09.08 01:19:54.879,12.67974,12.68316,0.00,0.00
2014.09.08 01:19:56.822,12.67961,12.68305,0.00,0.00
2014.09.08 01:19:56.925,12.67973,12.68317,0.00,0.00
2014.09.08 01:20:00.703,12.6795,12.68292,0.00,0.00
2014.09.08 01:20:00.903,12.67973,12.68317,0.00,0.00
2014.09.08 01:20:03.409,12.6795,12.68294,0.00,0.00
2014.09.08 01:20:05.011,12.67962,12.68306,0.00,0.00
2014.09.08 01:20:11.220,12.67973,12.68317,0.00,0.00
2014.09.08 01:20:12.268,12.67962,12.68306,0.00,0.00
2014.09.08 01:20:14.137,12.67962,12.68291,0.00,0.00
2014.09.08 01:20:19.134,12.67962,12.68303,0.00,0.00
2014.09.08 01:20:19.435,12.67962,12.68289,0.00,0.00
2014.09.08 01:20:19.535,12.67974,12.68316,0.00,0.00
2014.09.08 01:20:20.637,12.68019,12.68363,0.00,0.00
2014.09.08 01:20:20.737,12.68082,12.68424,0.00,0.00
2014.09.08 01:20:21.639,12.68068,12.68412,0.00,0.00
2014.09.08 01:20:21.940,12.68081,12.68423,0.00,0.00
2014.09.08 01:20:22.556,12.6808,12.68424,0.00,0.00
2014.09.08 01:20:30.660,12.68071,12.68413,0.00,0.00
2014.09.08 01:20:36.747,12.68062,12.68401,0.00,0.00
2014.09.08 01:20:39.004,12.68062,12.6837,0.00,0.00
2014.09.08 01:20:39.105,12.67977,12.68308,0.00,0.00
2014.09.08 01:20:39.178,12.67941,12.68285,0.00,0.00
2014.09.08 01:20:39.279,12.67923,12.68265,0.00,0.00
2014.09.08 01:20:39.380,12.6795,12.68294,0.00,0.00
2014.09.08 01:20:39.481,12.67951,12.6828,0.00,0.00
2014.09.08 01:20:39.532,12.67936,12.6828,0.00,0.00
2014.09.08 01:20:39.689,12.67925,12.68269,0.00,0.00
2014.09.08 01:20:39.999,12.67931,12.68275,0.00,0.00
2014.09.08 01:20:40.343,12.67806,12.67982,0.00,0.00
2014.09.08 01:20:40.394,12.67772,12.68112,0.00,0.00
2014.09.08 01:20:40.495,12.67772,12.68114,0.00,0.00
2014.09.08 01:20:40.595,12.67772,12.68104,0.00,0.00
2014.09.08 01:20:40.746,12.67752,12.68095,0.00,0.00
2014.09.08 01:20:40.936,12.67767,12.68111,0.00,0.00
2014.09.08 01:20:40.986,12.67781,12.68111,0.00,0.00
2014.09.08 01:20:42.194,12.67782,12.68124,0.00,0.00
2014.09.08 01:20:43.382,12.67782,12.6797,0.00,0.00
2014.09.08 01:20:43.433,12.6764,12.6797,0.00,0.00
2014.09.08 01:20:43.614,12.67601,12.67924,0.00,0.00
2014.09.08 01:20:47.586,12.67582,12.67924,0.00,0.00
2014.09.08 01:20:49.667,12.67692,12.67924,0.00,0.00
2014.09.08 01:20:49.717,12.67692,12.67999,0.00,0.00
2014.09.08 01:20:49.818,12.67701,12.68045,0.00,0.00
2014.09.08 01:20:49.868,12.67738,12.68045,0.00,0.00
2014.09.08 01:20:49.918,12.67752,12.68094,0.00,0.00
2014.09.08 01:20:50.019,12.67791,12.68115,0.00,0.00
2014.09.08 01:20:50.221,12.67791,12.68135,0.00,0.00
2014.09.08 01:20:54.216,12.67791,12.68123,0.00,0.00
2014.09.08 01:20:55.228,12.67791,12.68109,0.00,0.00
2014.09.08 01:20:55.702,12.67767,12.68109,0.00,0.00
2014.09.08 01:20:55.753,12.67756,12.681,0.00,0.00
2014.09.08 01:20:55.853,12.67736,12.6808,0.00,0.00
2014.09.08 01:20:57.541,12.67732,12.68069,0.00,0.00
2014.09.08 01:20:57.692,12.67711,12.68055,0.00,0.00
2014.09.08 01:20:57.742,12.67701,12.68045,0.00,0.00
2014.09.08 01:20:59.934,12.67751,12.68092,0.00,0.00
2014.09.08 01:20:59.984,12.67751,12.68095,0.00,0.00
2014.09.08 01:21:00.035,12.67762,12.68075,0.00,0.00
2014.09.08 01:21:00.135,12.67767,12.68109,0.00,0.00
2014.09.08 01:21:03.451,12.67762,12.68097,0.00,0.00
2014.09.08 01:21:03.511,12.67755,12.68097,0.00,0.00
2014.09.08 01:21:03.562,12.67736,12.6808,0.00,0.00
2014.09.08 01:21:05.849,12.67722,12.68059,0.00,0.00
2014.09.08 01:21:05.973,12.67686,12.6803,0.00,0.00
2014.09.08 01:21:08.059,12.67706,12.6805,0.00,0.00
2014.09.08 01:21:08.541,12.67757,12.68099,0.00,0.00
2014.09.08 01:21:15.391,12.67751,12.6809,0.00,0.00
2014.09.08 01:21:15.611,12.67729,12.68073,0.00,0.00
2014.09.08 01:21:15.691,12.67711,12.68055,0.00,0.00
2014.09.08 01:21:16.092,12.67701,12.68043,0.00,0.00
2014.09.08 01:21:17.196,12.67684,12.68026,0.00,0.00
2014.09.08 01:21:19.938,12.67701,12.68045,0.00,0.00
2014.09.08 01:21:29.438,12.67692,12.68035,0.00,0.00
2014.09.08 01:21:44.483,12.67692,12.68025,0.00,0.00
2014.09.08 01:21:52.571,12.67739,12.68025,0.00,0.00
2014.09.08 01:21:52.621,12.67746,12.6809,0.00,0.00
2014.09.08 01:21:52.722,12.67781,12.68115,0.00,0.00
2014.09.08 01:22:12.370,12.67771,12.68115,0.00,0.00
2014.09.08 01:22:12.852,12.67776,12.6812,0.00,0.00
2014.09.08 01:22:32.813,12.67782,12.68124,0.00,0.00
2014.09.08 01:22:42.134,12.67803,12.68147,0.00,0.00
2014.09.08 01:22:45.318,12.67809,12.68147,0.00,0.00
2014.09.08 01:22:45.369,12.67829,12.68171,0.00,0.00
2014.09.08 01:22:45.470,12.67854,12.68196,0.00,0.00
2014.09.08 01:22:45.810,12.67842,12.68182,0.00,0.00
2014.09.08 01:22:46.062,12.67854,12.68196,0.00,0.00
2014.09.08 01:22:46.165,12.67878,12.68222,0.00,0.00
2014.09.08 01:22:50.868,12.6786,12.68202,0.00,0.00
2014.09.08 01:22:51.818,12.67871,12.68215,0.00,0.00
2014.09.08 01:22:56.298,12.67883,12.68227,0.00,0.00
2014.09.08 01:22:57.918,12.67871,12.68205,0.00,0.00
2014.09.08 01:22:58.018,12.67874,12.68218,0.00,0.00
2014.09.08 01:22:58.119,12.67871,12.68205,0.00,0.00
2014.09.08 01:22:59.294,12.67873,12.68217,0.00,0.00
2014.09.08 01:23:02.713,12.67883,12.68227,0.00,0.00
2014.09.08 01:23:04.203,12.67873,12.68217,0.00,0.00
2014.09.08 01:23:04.506,12.67883,12.68227,0.00,0.00
2014.09.08 01:23:07.547,12.67873,12.68217,0.00,0.00
2014.09.08 01:23:07.852,12.67883,12.68227,0.00,0.00
2014.09.08 01:23:08.161,12.67873,12.68217,0.00,0.00
2014.09.08 01:23:08.606,12.67883,12.68227,0.00,0.00
2014.09.08 01:23:08.930,12.67871,12.68204,0.00,0.00
2014.09.08 01:23:18.354,12.67884,12.68226,0.00,0.00
2014.09.08 01:23:19.587,12.67873,12.68217,0.00,0.00
2014.09.08 01:23:19.687,12.67883,12.68227,0.00,0.00
2014.09.08 01:23:21.264,12.67874,12.68216,0.00,0.00
2014.09.08 01:23:21.809,12.67871,12.68203,0.00,0.00
2014.09.08 01:23:24.389,12.67929,12.68226,0.00,0.00
2014.09.08 01:23:24.490,12.67962,12.68302,0.00,0.00
2014.09.08 01:23:24.606,12.67984,12.68326,0.00,0.00
2014.09.08 01:23:25.214,12.67965,12.68309,0.00,0.00
2014.09.08 01:23:25.416,12.67977,12.68321,0.00,0.00
2014.09.08 01:23:26.177,12.67962,12.68298,0.00,0.00
2014.09.08 01:23:32.017,12.67962,12.68297,0.00,0.00
2014.09.08 01:23:32.326,12.67965,12.68309,0.00,0.00
2014.09.08 01:23:32.427,12.67962,12.68297,0.00,0.00
2014.09.08 01:23:39.339,12.67973,12.68317,0.00,0.00
2014.09.08 01:23:41.571,12.67962,12.68297,0.00,0.00
2014.09.08 01:23:50.582,12.67973,12.68317,0.00,0.00
2014.09.08 01:23:56.761,12.67964,12.68306,0.00,0.00
2014.09.08 01:24:01.479,12.67962,12.68288,0.00,0.00
2014.09.08 01:24:01.590,12.67962,12.68299,0.00,0.00
2014.09.08 01:24:09.410,12.67962,12.6829,0.00,0.00
2014.09.08 01:24:09.548,12.67962,12.68302,0.00,0.00
2014.09.08 01:24:09.652,12.67962,12.6829,0.00,0.00
2014.09.08 01:24:10.011,12.67962,12.68303,0.00,0.00
2014.09.08 01:24:13.818,12.67962,12.68292,0.00,0.00
2014.09.08 01:24:14.467,12.67961,12.68292,0.00,0.00
2014.09.08 01:24:19.527,12.67962,12.68292,0.00,0.00
2014.09.08 01:24:28.327,12.67948,12.68292,0.00,0.00
2014.09.08 01:24:28.478,12.6796,12.68304,0.00,0.00
2014.09.08 01:24:48.559,12.67951,12.68293,0.00,0.00
2014.09.08 01:24:49.918,12.67963,12.68305,0.00,0.00
2014.09.08 01:24:50.407,12.67988,12.68305,0.00,0.00
2014.09.08 01:24:50.558,12.67989,12.68331,0.00,0.00
2014.09.08 01:24:50.665,12.68013,12.68357,0.00,0.00
2014.09.08 01:24:50.993,12.68039,12.68357,0.00,0.00
2014.09.08 01:24:51.044,12.68039,12.68366,0.00,0.00
2014.09.08 01:24:51.147,12.68048,12.68392,0.00,0.00
2014.09.08 01:24:51.723,12.68064,12.68406,0.00,0.00
2014.09.08 01:24:52.124,12.6804,12.68384,0.00,0.00
2014.09.08 01:24:52.665,12.68064,12.68406,0.00,0.00
2014.09.08 01:24:54.674,12.68054,12.68396,0.00,0.00
2014.09.08 01:24:55.560,12.68041,12.68385,0.00,0.00
2014.09.08 01:24:59.446,12.68064,12.68406,0.00,0.00
2014.09.08 01:24:59.747,12.68052,12.68396,0.00,0.00
2014.09.08 01:25:00.349,12.68063,12.68407,0.00,0.00
2014.09.08 01:25:12.270,12.68042,12.68386,0.00,0.00
2014.09.08 01:25:12.972,12.68054,12.68398,0.00,0.00
2014.09.08 01:25:19.184,12.68042,12.68386,0.00,0.00
2014.09.08 01:25:20.390,12.68055,12.68397,0.00,0.00
2014.09.08 01:25:25.030,12.68042,12.68384,0.00,0.00
2014.09.08 01:25:30.640,12.68055,12.68397,0.00,0.00
2014.09.08 01:25:45.739,12.68057,12.68399,0.00,0.00
2014.09.08 01:25:45.840,12.68044,12.68388,0.00,0.00
2014.09.08 01:25:46.546,12.68055,12.68399,0.00,0.00
2014.09.08 01:25:59.462,12.68041,12.68385,0.00,0.00
2014.09.08 01:26:00.452,12.68053,12.68397,0.00,0.00
2014.09.08 01:26:01.764,12.68041,12.68383,0.00,0.00
2014.09.08 01:26:05.461,12.68052,12.68396,0.00,0.00
2014.09.08 01:26:09.887,12.68035,12.68379,0.00,0.00
2014.09.08 01:26:10.193,12.67988,12.68303,0.00,0.00
2014.09.08 01:26:10.294,12.67961,12.68303,0.00,0.00
2014.09.08 01:26:10.497,12.67973,12.68315,0.00,0.00
2014.09.08 01:26:10.602,12.67959,12.68303,0.00,0.00
2014.09.08 01:26:11.211,12.67975,12.68319,0.00,0.00
2014.09.08 01:26:15.975,12.67964,12.68306,0.00,0.00
2014.09.08 01:26:17.499,12.67976,12.68318,0.00,0.00
2014.09.08 01:26:18.928,12.67958,12.68302,0.00,0.00
2014.09.08 01:26:19.380,12.67981,12.68323,0.00,0.00
2014.09.08 01:26:19.799,12.67964,12.68306,0.00,0.00
2014.09.08 01:26:31.126,12.67986,12.68328,0.00,0.00
2014.09.08 01:26:31.405,12.67963,12.68307,0.00,0.00
2014.09.08 01:26:46.119,12.67953,12.68297,0.00,0.00
2014.09.08 01:26:48.524,12.67963,12.68307,0.00,0.00
2014.09.08 01:26:49.368,12.67963,12.68271,0.00,0.00
2014.09.08 01:26:49.477,12.67888,12.68221,0.00,0.00
2014.09.08 01:26:49.527,12.67888,12.68177,0.00,0.00
2014.09.08 01:26:49.647,12.67838,12.68177,0.00,0.00
2014.09.08 01:26:49.750,12.67838,12.6816,0.00,0.00
2014.09.08 01:26:49.901,12.67795,12.68137,0.00,0.00
2014.09.08 01:26:50.010,12.67765,12.68109,0.00,0.00
2014.09.08 01:26:50.157,12.67775,12.68119,0.00,0.00
2014.09.08 01:26:58.539,12.67786,12.6813,0.00,0.00
2014.09.08 01:26:59.122,12.67788,12.6813,0.00,0.00
2014.09.08 01:26:59.374,12.67786,12.6813,0.00,0.00
2014.09.08 01:26:59.740,12.67776,12.68118,0.00,0.00
2014.09.08 01:27:19.877,12.67769,12.68113,0.00,0.00
2014.09.08 01:27:20.579,12.67769,12.68111,0.00,0.00
2014.09.08 01:27:27.799,12.67758,12.68102,0.00,0.00
2014.09.08 01:27:31.107,12.67772,12.68114,0.00,0.00
2014.09.08 01:27:50.730,12.67782,12.68124,0.00,0.00
2014.09.08 01:27:51.156,12.67758,12.681,0.00,0.00
2014.09.08 01:27:51.465,12.67789,12.681,0.00,0.00
2014.09.08 01:27:51.566,12.67789,12.68114,0.00,0.00
2014.09.08 01:27:51.616,12.67791,12.68114,0.00,0.00
2014.09.08 01:27:51.666,12.67812,12.68154,0.00,0.00
2014.09.08 01:27:51.767,12.67836,12.6818,0.00,0.00
2014.09.08 01:27:51.817,12.67838,12.6818,0.00,0.00
2014.09.08 01:27:52.260,12.67857,12.68199,0.00,0.00
2014.09.08 01:27:54.312,12.67846,12.6819,0.00,0.00
2014.09.08 01:27:55.296,12.67845,12.68189,0.00,0.00
2014.09.08 01:27:55.398,12.67838,12.68167,0.00,0.00
2014.09.08 01:27:56.292,12.67838,12.68179,0.00,0.00
2014.09.08 01:27:57.018,12.67846,12.6819,0.00,0.00
2014.09.08 01:28:04.617,12.67789,12.68133,0.00,0.00
2014.09.08 01:28:05.030,12.67768,12.68112,0.00,0.00
2014.09.08 01:28:12.805,12.67789,12.68112,0.00,0.00
2014.09.08 01:28:12.855,12.67789,12.68124,0.00,0.00
2014.09.08 01:28:12.956,12.67791,12.68135,0.00,0.00
2014.09.08 01:28:13.030,12.67816,12.6816,0.00,0.00
2014.09.08 01:28:14.351,12.67805,12.68149,0.00,0.00
2014.09.08 01:28:14.721,12.67777,12.68119,0.00,0.00
2014.09.08 01:28:33.734,12.67801,12.68119,0.00,0.00
2014.09.08 01:28:33.835,12.67801,12.68134,0.00,0.00
2014.09.08 01:28:43.095,12.67832,12.68134,0.00,0.00
2014.09.08 01:28:43.146,12.67832,12.68175,0.00,0.00
2014.09.08 01:28:43.247,12.67867,12.68209,0.00,0.00
2014.09.08 01:28:43.588,12.67871,12.68209,0.00,0.00
2014.09.08 01:28:43.943,12.67871,12.68196,0.00,0.00
2014.09.08 01:28:44.962,12.67871,12.68209,0.00,0.00
2014.09.08 01:29:05.835,12.67871,12.68201,0.00,0.00
2014.09.08 01:29:22.321,12.67871,12.68215,0.00,0.00
2014.09.08 01:29:23.536,12.67871,12.68182,0.00,0.00
2014.09.08 01:29:23.687,12.67802,12.68146,0.00,0.00
2014.09.08 01:29:23.865,12.67782,12.68119,0.00,0.00
2014.09.08 01:29:43.690,12.67786,12.6813,0.00,0.00
2014.09.08 01:29:43.790,12.67782,12.68117,0.00,0.00
2014.09.08 01:29:45.855,12.67786,12.6813,0.00,0.00
2014.09.08 01:29:48.577,12.67782,12.68105,0.00,0.00
2014.09.08 01:29:57.522,12.67782,12.68114,0.00,0.00
2014.09.08 01:29:57.790,12.67786,12.6813,0.00,0.00
2014.09.08 01:30:00.481,12.67796,12.6814,0.00,0.00
2014.09.08 01:30:01.492,12.67797,12.68139,0.00,0.00
2014.09.08 01:30:04.388,12.67786,12.6813,0.00,0.00
2014.09.08 01:30:13.736,12.67787,12.68129,0.00,0.00
2014.09.08 01:30:24.475,12.67774,12.68116,0.00,0.00
2014.09.08 01:30:36.980,12.67761,12.68105,0.00,0.00
2014.09.08 01:30:56.273,12.67752,12.68094,0.00,0.00
2014.09.08 01:31:01.241,12.67741,12.68085,0.00,0.00
2014.09.08 01:31:01.341,12.67718,12.6806,0.00,0.00
2014.09.08 01:31:06.250,12.67701,12.68045,0.00,0.00
2014.09.08 01:31:09.356,12.67714,12.68056,0.00,0.00
2014.09.08 01:31:14.369,12.67699,12.68041,0.00,0.00
2014.09.08 01:31:16.281,12.67712,12.68056,0.00,0.00
2014.09.08 01:31:16.783,12.677,12.68044,0.00,0.00
2014.09.08 01:31:17.352,12.67689,12.68033,0.00,0.00
2014.09.08 01:31:19.839,12.67701,12.68043,0.00,0.00
2014.09.08 01:31:20.193,12.67689,12.68031,0.00,0.00
2014.09.08 01:31:20.294,12.6772,12.68064,0.00,0.00
2014.09.08 01:31:20.494,12.67705,12.68047,0.00,0.00
2014.09.08 01:31:34.313,12.67689,12.68031,0.00,0.00
2014.09.08 01:31:46.529,12.677,12.68042,0.00,0.00
2014.09.08 01:31:46.646,12.67686,12.6803,0.00,0.00
2014.09.08 01:31:48.061,12.67698,12.68042,0.00,0.00
2014.09.08 01:31:54.062,12.6771,12.68054,0.00,0.00
2014.09.08 01:31:54.363,12.67751,12.68093,0.00,0.00
2014.09.08 01:31:54.539,12.6776,12.68104,0.00,0.00
2014.09.08 01:31:54.640,12.6777,12.68114,0.00,0.00
2014.09.08 01:31:55.096,12.67755,12.68099,0.00,0.00
2014.09.08 01:31:55.563,12.67745,12.68089,0.00,0.00
2014.09.08 01:31:56.741,12.67758,12.681,0.00,0.00
2014.09.08 01:31:59.360,12.6777,12.68114,0.00,0.00
2014.09.08 01:32:16.167,12.67757,12.68099,0.00,0.00
2014.09.08 01:32:16.513,12.67769,12.68113,0.00,0.00
2014.09.08 01:32:17.385,12.67756,12.681,0.00,0.00
2014.09.08 01:32:20.274,12.67768,12.6811,0.00,0.00
2014.09.08 01:32:21.876,12.67755,12.68099,0.00,0.00
2014.09.08 01:32:22.118,12.67767,12.68111,0.00,0.00
2014.09.08 01:32:27.420,12.67756,12.68098,0.00,0.00
2014.09.08 01:32:31.403,12.67771,12.68113,0.00,0.00
2014.09.08 01:32:36.638,12.67755,12.68099,0.00,0.00
2014.09.08 01:32:37.019,12.67767,12.68111,0.00,0.00
2014.09.08 01:32:42.649,12.6775,12.68094,0.00,0.00
2014.09.08 01:32:43.006,12.67745,12.68087,0.00,0.00
2014.09.08 01:32:53.145,12.67761,12.68103,0.00,0.00
2014.09.08 01:33:03.249,12.67741,12.68083,0.00,0.00
2014.09.08 01:33:09.166,12.67761,12.68105,0.00,0.00
2014.09.08 01:33:26.097,12.6775,12.68092,0.00,0.00
2014.09.08 01:33:28.433,12.67761,12.68105,0.00,0.00
2014.09.08 01:33:48.761,12.67767,12.68111,0.00,0.00
2014.09.08 01:34:09.815,12.67771,12.68113,0.00,0.00
2014.09.08 01:34:21.509,12.67781,12.68113,0.00,0.00
2014.09.08 01:34:22.112,12.67781,12.68102,0.00,0.00
2014.09.08 01:34:22.198,12.67781,12.68114,0.00,0.00
2014.09.08 01:34:23.705,12.67781,12.68103,0.00,0.00
2014.09.08 01:34:43.769,12.67781,12.68104,0.00,0.00
2014.09.08 01:34:44.767,12.67781,12.68114,0.00,0.00
2014.09.08 01:35:04.797,12.67781,12.68118,0.00,0.00
2014.09.08 01:35:16.951,12.67782,12.68118,0.00,0.00
2014.09.08 01:35:34.550,12.67782,12.68106,0.00,0.00
2014.09.08 01:35:34.750,12.67782,12.68119,0.00,0.00
2014.09.08 01:35:35.452,12.67782,12.68107,0.00,0.00
2014.09.08 01:35:36.154,12.67782,12.68118,0.00,0.00
2014.09.08 01:35:36.484,12.67782,12.68107,0.00,0.00
2014.09.08 01:35:41.479,12.67782,12.68119,0.00,0.00
2014.09.08 01:35:42.865,12.67782,12.68105,0.00,0.00
2014.09.08 01:35:46.981,12.67781,12.68105,0.00,0.00
2014.09.08 01:36:03.812,12.67781,12.68113,0.00,0.00
2014.09.08 01:36:19.724,12.67781,12.68103,0.00,0.00
2014.09.08 01:36:20.224,12.67781,12.68114,0.00,0.00
2014.09.08 01:36:20.325,12.6777,12.68114,0.00,0.00
2014.09.08 01:36:21.627,12.6776,12.68104,0.00,0.00
2014.09.08 01:36:25.438,12.6777,12.68114,0.00,0.00
2014.09.08 01:36:49.969,12.67759,12.68103,0.00,0.00
2014.09.08 01:37:21.726,12.6777,12.68114,0.00,0.00
2014.09.08 01:37:36.164,12.67755,12.68099,0.00,0.00
2014.09.08 01:37:36.622,12.67752,12.68089,0.00,0.00
2014.09.08 01:37:36.773,12.67745,12.68089,0.00,0.00
2014.09.08 01:37:45.101,12.67761,12.68103,0.00,0.00
2014.09.08 01:37:45.512,12.67744,12.68088,0.00,0.00
2014.09.08 01:38:05.837,12.67751,12.68093,0.00,0.00
2014.09.08 01:38:07.542,12.67738,12.68082,0.00,0.00
2014.09.08 01:38:07.644,12.67711,12.68055,0.00,0.00
2014.09.08 01:38:10.161,12.67725,12.68069,0.00,0.00
2014.09.08 01:38:10.463,12.67751,12.68093,0.00,0.00
2014.09.08 01:38:11.838,12.67751,12.68091,0.00,0.00
2014.09.08 01:38:11.889,12.67728,12.6807,0.00,0.00
2014.09.08 01:38:12.008,12.67711,12.68053,0.00,0.00
2014.09.08 01:38:12.109,12.6772,12.68064,0.00,0.00
2014.09.08 01:38:14.176,12.67711,12.68053,0.00,0.00
2014.09.08 01:38:15.188,12.67726,12.68068,0.00,0.00
2014.09.08 01:38:15.289,12.6775,12.68094,0.00,0.00
2014.09.08 01:38:15.389,12.67726,12.6807,0.00,0.00
2014.09.08 01:38:15.717,12.67714,12.68058,0.00,0.00
2014.09.08 01:38:17.402,12.67725,12.68069,0.00,0.00
2014.09.08 01:38:17.743,12.6775,12.68094,0.00,0.00
2014.09.08 01:38:26.724,12.67735,12.68079,0.00,0.00
2014.09.08 01:38:29.905,12.6775,12.68094,0.00,0.00
2014.09.08 01:38:32.253,12.67779,12.68094,0.00,0.00
2014.09.08 01:38:32.402,12.6775,12.68094,0.00,0.00
2014.09.08 01:38:40.129,12.67738,12.6808,0.00,0.00
2014.09.08 01:38:44.326,12.6775,12.68094,0.00,0.00
2014.09.08 01:38:44.426,12.67738,12.6808,0.00,0.00
2014.09.08 01:38:44.826,12.67749,12.68093,0.00,0.00
2014.09.08 01:38:53.109,12.67779,12.68093,0.00,0.00
2014.09.08 01:38:53.212,12.67749,12.68093,0.00,0.00
2014.09.08 01:39:02.152,12.67736,12.6808,0.00,0.00
2014.09.08 01:39:06.458,12.67748,12.6809,0.00,0.00
2014.09.08 01:39:19.075,12.6778,12.6809,0.00,0.00
2014.09.08 01:39:19.159,12.67748,12.6809,0.00,0.00
2014.09.08 01:39:20.487,12.67726,12.68068,0.00,0.00
2014.09.08 01:39:20.832,12.6775,12.68094,0.00,0.00
2014.09.08 01:39:22.718,12.67736,12.68078,0.00,0.00
2014.09.08 01:39:29.658,12.67751,12.68093,0.00,0.00
2014.09.08 01:39:38.306,12.67751,12.68092,0.00,0.00
2014.09.08 01:39:38.457,12.67688,12.68032,0.00,0.00
2014.09.08 01:39:38.826,12.67685,12.68029,0.00,0.00
2014.09.08 01:39:39.329,12.67698,12.6804,0.00,0.00
2014.09.08 01:39:40.168,12.67721,12.68063,0.00,0.00
2014.09.08 01:39:40.372,12.6775,12.68094,0.00,0.00
2014.09.08 01:40:00.781,12.67744,12.68088,0.00,0.00
2014.09.08 01:40:04.509,12.67691,12.68033,0.00,0.00
2014.09.08 01:40:04.610,12.67689,12.68033,0.00,0.00
2014.09.08 01:40:05.261,12.67688,12.68032,0.00,0.00
2014.09.08 01:40:05.770,12.67729,12.68032,0.00,0.00
2014.09.08 01:40:05.871,12.67688,12.68032,0.00,0.00
2014.09.08 01:40:25.141,12.677,12.68044,0.00,0.00
2014.09.08 01:40:25.829,12.677,12.68042,0.00,0.00
2014.09.08 01:40:33.949,12.67688,12.6803,0.00,0.00
2014.09.08 01:40:36.874,12.67699,12.68043,0.00,0.00
2014.09.08 01:40:46.014,12.67725,12.68069,0.00,0.00
2014.09.08 01:40:46.368,12.6775,12.68094,0.00,0.00
2014.09.08 01:40:51.906,12.67704,12.68048,0.00,0.00
2014.09.08 01:40:52.436,12.67717,12.68059,0.00,0.00
2014.09.08 01:40:59.447,12.67704,12.68048,0.00,0.00
2014.09.08 01:40:59.616,12.6772,12.68064,0.00,0.00
2014.09.08 01:40:59.919,12.67775,12.68119,0.00,0.00
2014.09.08 01:41:00.470,12.67762,12.68104,0.00,0.00
2014.09.08 01:41:01.123,12.67773,12.68117,0.00,0.00
2014.09.08 01:41:04.431,12.67761,12.68103,0.00,0.00
2014.09.08 01:41:07.267,12.67761,12.68097,0.00,0.00
2014.09.08 01:41:07.517,12.67766,12.68108,0.00,0.00
2014.09.08 01:41:11.112,12.67761,12.68088,0.00,0.00
2014.09.08 01:41:11.316,12.67761,12.681,0.00,0.00
2014.09.08 01:41:12.334,12.6777,12.68114,0.00,0.00
2014.09.08 01:41:12.384,12.67782,12.68114,0.00,0.00
2014.09.08 01:41:20.115,12.67782,12.681,0.00,0.00
2014.09.08 01:41:34.252,12.67829,12.681,0.00,0.00
2014.09.08 01:41:34.354,12.67782,12.681,0.00,0.00
2014.09.08 01:41:40.820,12.67782,12.68109,0.00,0.00
2014.09.08 01:41:49.326,12.67782,12.68123,0.00,0.00
2014.09.08 01:41:49.491,12.67782,12.68109,0.00,0.00
2014.09.08 01:41:49.935,12.67782,12.681,0.00,0.00
2014.09.08 01:42:07.903,12.67781,12.681,0.00,0.00
2014.09.08 01:42:09.728,12.67781,12.68109,0.00,0.00
2014.09.08 01:42:14.083,12.67781,12.68099,0.00,0.00
2014.09.08 01:42:14.438,12.67781,12.68109,0.00,0.00
2014.09.08 01:42:15.143,12.67781,12.68099,0.00,0.00
2014.09.08 01:42:15.461,12.67781,12.68087,0.00,0.00
2014.09.08 01:42:15.784,12.67781,12.68073,0.00,0.00
2014.09.08 01:42:15.834,12.67731,12.68073,0.00,0.00
2014.09.08 01:42:16.148,12.67741,12.68085,0.00,0.00
2014.09.08 01:42:16.990,12.67721,12.6805,0.00,0.00
2014.09.08 01:42:17.041,12.67708,12.6805,0.00,0.00
2014.09.08 01:42:17.252,12.67696,12.68038,0.00,0.00
2014.09.08 01:42:18.772,12.67684,12.68028,0.00,0.00
2014.09.08 01:42:22.770,12.67694,12.68038,0.00,0.00
2014.09.08 01:42:23.983,12.67683,12.68025,0.00,0.00
2014.09.08 01:42:32.312,12.67738,12.68025,0.00,0.00
2014.09.08 01:42:32.413,12.67738,12.68073,0.00,0.00
2014.09.08 01:42:32.514,12.67754,12.68098,0.00,0.00
2014.09.08 01:42:34.230,12.67742,12.68086,0.00,0.00
2014.09.08 01:42:34.743,12.6776,12.68102,0.00,0.00
2014.09.08 01:42:35.223,12.67744,12.68086,0.00,0.00
2014.09.08 01:42:35.705,12.67759,12.68103,0.00,0.00
2014.09.08 01:42:36.106,12.67743,12.68087,0.00,0.00
2014.09.08 01:42:36.490,12.67756,12.68098,0.00,0.00
2014.09.08 01:42:44.136,12.67745,12.68089,0.00,0.00
2014.09.08 01:42:52.393,12.6776,12.68102,0.00,0.00
2014.09.08 01:42:52.552,12.67747,12.68091,0.00,0.00
2014.09.08 01:43:12.766,12.6774,12.68084,0.00,0.00
2014.09.08 01:43:14.120,12.6776,12.68102,0.00,0.00
2014.09.08 01:43:27.886,12.67743,12.68085,0.00,0.00
2014.09.08 01:43:28.188,12.67738,12.6808,0.00,0.00
2014.09.08 01:43:29.292,12.67738,12.68079,0.00,0.00
2014.09.08 01:43:30.294,12.67748,12.68092,0.00,0.00
2014.09.08 01:43:33.441,12.67736,12.6808,0.00,0.00
2014.09.08 01:43:33.770,12.67751,12.68095,0.00,0.00
2014.09.08 01:43:34.429,12.67752,12.68094,0.00,0.00
2014.09.08 01:43:35.447,12.67764,12.68108,0.00,0.00
2014.09.08 01:43:45.123,12.67744,12.68088,0.00,0.00
2014.09.08 01:43:45.552,12.67761,12.68105,0.00,0.00
2014.09.08 01:43:45.883,12.67744,12.68088,0.00,0.00
2014.09.08 01:43:56.166,12.67757,12.68099,0.00,0.00
2014.09.08 01:43:57.488,12.67745,12.68087,0.00,0.00
2014.09.08 01:43:59.776,12.67756,12.681,0.00,0.00
2014.09.08 01:44:04.151,12.67745,12.68087,0.00,0.00
2014.09.08 01:44:06.171,12.6776,12.68102,0.00,0.00
2014.09.08 01:44:23.376,12.67742,12.68086,0.00,0.00
2014.09.08 01:44:23.899,12.67741,12.68075,0.00,0.00
2014.09.08 01:44:24.233,12.67733,12.68075,0.00,0.00
2014.09.08 01:44:25.579,12.67717,12.68061,0.00,0.00
2014.09.08 01:44:25.680,12.67712,12.68054,0.00,0.00
2014.09.08 01:44:26.882,12.67697,12.68041,0.00,0.00
2014.09.08 01:44:28.785,12.67708,12.68052,0.00,0.00
2014.09.08 01:44:29.386,12.67696,12.6804,0.00,0.00
2014.09.08 01:44:32.868,12.67699,12.6804,0.00,0.00
2014.09.08 01:44:32.918,12.67719,12.68063,0.00,0.00
2014.09.08 01:44:33.020,12.67744,12.68088,0.00,0.00
2014.09.08 01:44:33.382,12.67765,12.68107,0.00,0.00
2014.09.08 01:44:33.754,12.67744,12.68086,0.00,0.00
2014.09.08 01:44:46.514,12.67741,12.68074,0.00,0.00
2014.09.08 01:44:46.564,12.6773,12.68074,0.00,0.00
2014.09.08 01:44:47.121,12.67745,12.68087,0.00,0.00
2014.09.08 01:44:48.213,12.67734,12.68078,0.00,0.00
2014.09.08 01:44:48.646,12.67688,12.68032,0.00,0.00
2014.09.08 01:44:49.154,12.67687,12.68031,0.00,0.00
2014.09.08 01:44:49.600,12.67678,12.6802,0.00,0.00
2014.09.08 01:44:54.431,12.67695,12.68037,0.00,0.00
2014.09.08 01:44:59.431,12.67673,12.68015,0.00,0.00
2014.09.08 01:45:08.946,12.6769,12.68034,0.00,0.00
2014.09.08 01:45:09.047,12.67678,12.68022,0.00,0.00
2014.09.08 01:45:14.258,12.67667,12.68009,0.00,0.00
2014.09.08 01:45:16.681,12.67692,12.68034,0.00,0.00
2014.09.08 01:45:26.726,12.67671,12.68015,0.00,0.00
2014.09.08 01:45:29.031,12.67653,12.67997,0.00,0.00
2014.09.08 01:45:29.343,12.67659,12.68003,0.00,0.00
2014.09.08 01:45:29.696,12.6769,12.68032,0.00,0.00
2014.09.08 01:45:31.401,12.67671,12.68015,0.00,0.00
2014.09.08 01:45:31.509,12.67673,12.68015,0.00,0.00
2014.09.08 01:45:31.862,12.6769,12.68032,0.00,0.00
2014.09.08 01:45:34.551,12.67673,12.68015,0.00,0.00
2014.09.08 01:45:36.314,12.67663,12.68005,0.00,0.00
2014.09.08 01:45:36.715,12.67652,12.67996,0.00,0.00
2014.09.08 01:45:38.419,12.67664,12.68008,0.00,0.00
2014.09.08 01:45:38.720,12.67675,12.68017,0.00,0.00
2014.09.08 01:45:40.164,12.67657,12.67999,0.00,0.00
2014.09.08 01:45:40.264,12.67639,12.67983,0.00,0.00
2014.09.08 01:45:40.315,12.67648,12.67983,0.00,0.00
2014.09.08 01:45:40.626,12.6765,12.67992,0.00,0.00
2014.09.08 01:45:40.851,12.67638,12.6798,0.00,0.00
2014.09.08 01:45:41.220,12.67626,12.67968,0.00,0.00
2014.09.08 01:45:41.271,12.67637,12.67981,0.00,0.00
2014.09.08 01:45:41.372,12.67624,12.67966,0.00,0.00
2014.09.08 01:45:42.450,12.67601,12.6794,0.00,0.00
2014.09.08 01:45:42.551,12.67598,12.6794,0.00,0.00
2014.09.08 01:45:42.632,12.67609,12.67953,0.00,0.00
2014.09.08 01:45:43.261,12.67592,12.67934,0.00,0.00
2014.09.08 01:45:43.617,12.67604,12.67946,0.00,0.00
2014.09.08 01:45:44.376,12.67591,12.67935,0.00,0.00
2014.09.08 01:45:44.787,12.6761,12.67952,0.00,0.00
2014.09.08 01:45:44.888,12.67581,12.67925,0.00,0.00
2014.09.08 01:46:02.996,12.67571,12.67915,0.00,0.00
2014.09.08 01:46:08.493,12.67584,12.67928,0.00,0.00
2014.09.08 01:46:28.541,12.67574,12.67918,0.00,0.00
2014.09.08 01:46:28.842,12.67589,12.67933,0.00,0.00
2014.09.08 01:46:31.356,12.67575,12.67919,0.00,0.00
2014.09.08 01:46:43.499,12.67569,12.67909,0.00,0.00
2014.09.08 01:46:47.813,12.67579,12.67921,0.00,0.00
2014.09.08 01:46:48.924,12.67578,12.67922,0.00,0.00
2014.09.08 01:46:50.118,12.67569,12.67908,0.00,0.00
2014.09.08 01:46:50.557,12.67569,12.67901,0.00,0.00
2014.09.08 01:46:51.028,12.67569,12.67896,0.00,0.00
2014.09.08 01:46:51.430,12.67569,12.67908,0.00,0.00
2014.09.08 01:46:51.530,12.67574,12.67918,0.00,0.00
2014.09.08 01:46:51.631,12.6757,12.67891,0.00,0.00
2014.09.08 01:46:51.732,12.6757,12.67912,0.00,0.00
2014.09.08 01:46:52.751,12.6757,12.67901,0.00,0.00
2014.09.08 01:46:53.412,12.67569,12.67901,0.00,0.00
2014.09.08 01:46:53.768,12.67575,12.67917,0.00,0.00
2014.09.08 01:46:58.803,12.67558,12.67902,0.00,0.00
2014.09.08 01:46:59.768,12.6758,12.67922,0.00,0.00
2014.09.08 01:47:04.509,12.67559,12.67903,0.00,0.00
2014.09.08 01:47:05.476,12.6757,12.67914,0.00,0.00
2014.09.08 01:47:09.995,12.67553,12.67897,0.00,0.00
2014.09.08 01:47:11.001,12.67574,12.67918,0.00,0.00
2014.09.08 01:47:12.833,12.67554,12.67896,0.00,0.00
2014.09.08 01:47:18.208,12.67554,12.67872,0.00,0.00
2014.09.08 01:47:18.310,12.67502,12.67839,0.00,0.00
2014.09.08 01:47:18.361,12.67497,12.67839,0.00,0.00
2014.09.08 01:47:21.328,12.67486,12.6783,0.00,0.00
2014.09.08 01:47:21.733,12.67498,12.67842,0.00,0.00
2014.09.08 01:47:22.037,12.67486,12.67828,0.00,0.00
2014.09.08 01:47:23.248,12.67498,12.6784,0.00,0.00
2014.09.08 01:47:23.859,12.67511,12.67853,0.00,0.00
2014.09.08 01:47:26.765,12.67483,12.67827,0.00,0.00
2014.09.08 01:47:26.866,12.67436,12.6778,0.00,0.00
2014.09.08 01:47:27.168,12.67463,12.67805,0.00,0.00
2014.09.08 01:47:27.497,12.67488,12.6783,0.00,0.00
2014.09.08 01:47:27.971,12.67475,12.67819,0.00,0.00
2014.09.08 01:47:29.276,12.67464,12.67808,0.00,0.00
2014.09.08 01:47:29.799,12.6749,12.67832,0.00,0.00
2014.09.08 01:47:33.487,12.67466,12.67808,0.00,0.00
2014.09.08 01:47:50.036,12.67477,12.67819,0.00,0.00
2014.09.08 01:47:53.078,12.67454,12.67798,0.00,0.00
2014.09.08 01:47:54.448,12.67444,12.67786,0.00,0.00
2014.09.08 01:47:54.778,12.6738,12.67722,0.00,0.00
2014.09.08 01:47:55.146,12.67389,12.67733,0.00,0.00
2014.09.08 01:47:56.993,12.67366,12.6771,0.00,0.00
2014.09.08 01:48:04.216,12.67344,12.67686,0.00,0.00
2014.09.08 01:48:04.532,12.67321,12.67663,0.00,0.00
2014.09.08 01:48:04.823,12.67338,12.67682,0.00,0.00
2014.09.08 01:48:04.923,12.6736,12.67699,0.00,0.00
2014.09.08 01:48:05.233,12.6734,12.67682,0.00,0.00
2014.09.08 01:48:06.522,12.6734,12.67681,0.00,0.00
2014.09.08 01:48:06.573,12.6734,12.67671,0.00,0.00
2014.09.08 01:48:06.623,12.67329,12.67668,0.00,0.00
2014.09.08 01:48:06.724,12.67296,12.67638,0.00,0.00
2014.09.08 01:48:07.123,12.67306,12.6765,0.00,0.00
2014.09.08 01:48:08.900,12.67295,12.67639,0.00,0.00
2014.09.08 01:48:09.905,12.67311,12.67653,0.00,0.00
2014.09.08 01:48:13.517,12.67296,12.6764,0.00,0.00
2014.09.08 01:48:17.828,12.67307,12.67651,0.00,0.00
2014.09.08 01:48:21.134,12.6732,12.67664,0.00,0.00
2014.09.08 01:48:26.455,12.67331,12.6767,0.00,0.00
2014.09.08 01:48:26.506,12.67331,12.67673,0.00,0.00
2014.09.08 01:48:26.556,12.67386,12.67681,0.00,0.00
2014.09.08 01:48:26.657,12.67386,12.67728,0.00,0.00
2014.09.08 01:48:35.179,12.67372,12.67716,0.00,0.00
2014.09.08 01:48:55.716,12.67372,12.67715,0.00,0.00
2014.09.08 01:49:00.126,12.67388,12.67732,0.00,0.00
2014.09.08 01:49:04.632,12.67376,12.6772,0.00,0.00
2014.09.08 01:49:15.474,12.67365,12.67709,0.00,0.00
2014.09.08 01:49:21.670,12.67383,12.67725,0.00,0.00
2014.09.08 01:49:29.795,12.67366,12.6771,0.00,0.00
2014.09.08 01:49:33.521,12.67379,12.67721,0.00,0.00
2014.09.08 01:49:34.442,12.67366,12.67708,0.00,0.00
2014.09.08 01:49:46.645,12.67396,12.67738,0.00,0.00
2014.09.08 01:49:48.149,12.67379,12.67721,0.00,0.00
2014.09.08 01:50:04.381,12.67368,12.67712,0.00,0.00
2014.09.08 01:50:11.391,12.67394,12.67738,0.00,0.00
2014.09.08 01:50:12.898,12.67372,12.67716,0.00,0.00
2014.09.08 01:50:13.233,12.67359,12.67703,0.00,0.00
2014.09.08 01:50:13.801,12.67379,12.67723,0.00,0.00
2014.09.08 01:50:16.838,12.67358,12.67702,0.00,0.00
2014.09.08 01:50:17.204,12.67372,12.67714,0.00,0.00
2014.09.08 01:50:19.236,12.67358,12.67702,0.00,0.00
2014.09.08 01:50:31.819,12.67389,12.67733,0.00,0.00
2014.09.08 01:50:32.389,12.67384,12.67728,0.00,0.00
2014.09.08 01:50:34.110,12.6735,12.67694,0.00,0.00
2014.09.08 01:50:34.517,12.6739,12.67732,0.00,0.00
2014.09.08 01:50:34.567,12.67369,12.67713,0.00,0.00
2014.09.08 01:50:43.334,12.6738,12.67724,0.00,0.00
2014.09.08 01:50:45.249,12.67333,12.67677,0.00,0.00
2014.09.08 01:50:45.594,12.67374,12.67718,0.00,0.00
2014.09.08 01:50:45.924,12.67353,12.67695,0.00,0.00
2014.09.08 01:50:47.757,12.67353,12.6767,0.00,0.00
2014.09.08 01:50:47.812,12.67302,12.67646,0.00,0.00
2014.09.08 01:50:48.820,12.67319,12.67663,0.00,0.00
2014.09.08 01:50:49.126,12.67299,12.67641,0.00,0.00
2014.09.08 01:50:49.655,12.6731,12.67654,0.00,0.00
2014.09.08 01:50:54.322,12.67298,12.6764,0.00,0.00
2014.09.08 01:50:55.947,12.67308,12.67652,0.00,0.00
2014.09.08 01:51:00.549,12.67319,12.67663,0.00,0.00
2014.09.08 01:51:01.084,12.67309,12.67651,0.00,0.00
2014.09.08 01:51:02.836,12.67292,12.67634,0.00,0.00
2014.09.08 01:51:06.144,12.67303,12.67647,0.00,0.00
2014.09.08 01:51:07.348,12.67292,12.67634,0.00,0.00
2014.09.08 01:51:08.155,12.67303,12.67647,0.00,0.00
2014.09.08 01:51:08.264,12.6729,12.67634,0.00,0.00
2014.09.08 01:51:08.609,12.67303,12.67647,0.00,0.00
2014.09.08 01:51:09.050,12.67315,12.67659,0.00,0.00
2014.09.08 01:51:09.382,12.67291,12.67633,0.00,0.00
2014.09.08 01:51:09.667,12.67302,12.67646,0.00,0.00
2014.09.08 01:51:11.813,12.67291,12.67633,0.00,0.00
2014.09.08 01:51:13.717,12.67302,12.67644,0.00,0.00
2014.09.08 01:51:13.785,12.67289,12.67633,0.00,0.00
2014.09.08 01:51:13.987,12.67314,12.67658,0.00,0.00
2014.09.08 01:51:15.392,12.67301,12.67645,0.00,0.00
2014.09.08 01:51:18.603,12.67278,12.6762,0.00,0.00
2014.09.08 01:51:18.754,12.67289,12.67633,0.00,0.00
2014.09.08 01:51:18.805,12.67277,12.67621,0.00,0.00
2014.09.08 01:51:19.614,12.67278,12.6762,0.00,0.00
2014.09.08 01:51:28.159,12.67311,12.67653,0.00,0.00
2014.09.08 01:51:28.260,12.67298,12.67642,0.00,0.00
2014.09.08 01:51:34.578,12.67288,12.6763,0.00,0.00
2014.09.08 01:51:46.743,12.67298,12.67642,0.00,0.00
2014.09.08 01:51:47.818,12.67286,12.6763,0.00,0.00
2014.09.08 01:51:48.422,12.6731,12.67654,0.00,0.00
2014.09.08 01:51:48.825,12.67299,12.67641,0.00,0.00
2014.09.08 01:51:49.629,12.67287,12.67629,0.00,0.00
2014.09.08 01:51:51.775,12.67311,12.67653,0.00,0.00
2014.09.08 01:51:54.945,12.67287,12.67629,0.00,0.00
2014.09.08 01:51:57.051,12.67296,12.6764,0.00,0.00
2014.09.08 01:52:01.667,12.67308,12.67652,0.00,0.00
2014.09.08 01:52:01.983,12.67284,12.67628,0.00,0.00
2014.09.08 01:52:02.321,12.67297,12.67639,0.00,0.00
2014.09.08 01:52:02.873,12.67284,12.67626,0.00,0.00
2014.09.08 01:52:07.083,12.67273,12.67615,0.00,0.00
2014.09.08 01:52:10.594,12.67296,12.6764,0.00,0.00
2014.09.08 01:52:10.695,12.67285,12.67627,0.00,0.00
2014.09.08 01:52:11.600,12.67297,12.67639,0.00,0.00
2014.09.08 01:52:11.914,12.67284,12.67628,0.00,0.00
2014.09.08 01:52:12.102,12.67297,12.67639,0.00,0.00
2014.09.08 01:52:16.720,12.67284,12.67628,0.00,0.00
2014.09.08 01:52:26.254,12.67273,12.67615,0.00,0.00
2014.09.08 01:52:30.043,12.67329,12.67615,0.00,0.00
2014.09.08 01:52:30.164,12.67273,12.67615,0.00,0.00
2014.09.08 01:52:30.321,12.67273,12.67608,0.00,0.00
2014.09.08 01:52:31.704,12.67273,12.67571,0.00,0.00
2014.09.08 01:52:31.770,12.67221,12.67565,0.00,0.00
2014.09.08 01:52:31.871,12.67231,12.67569,0.00,0.00
2014.09.08 01:52:31.972,12.67244,12.67588,0.00,0.00
2014.09.08 01:52:32.072,12.6726,12.67604,0.00,0.00
2014.09.08 01:52:32.474,12.67254,12.67596,0.00,0.00
2014.09.08 01:52:32.794,12.67241,12.67564,0.00,0.00
2014.09.08 01:52:32.845,12.67222,12.67564,0.00,0.00
2014.09.08 01:52:32.895,12.67212,12.67545,0.00,0.00
2014.09.08 01:52:33.394,12.67222,12.67564,0.00,0.00
2014.09.08 01:52:33.681,12.67212,12.67552,0.00,0.00
2014.09.08 01:52:36.492,12.67221,12.67565,0.00,0.00
2014.09.08 01:52:36.657,12.67212,12.67495,0.00,0.00
2014.09.08 01:52:36.708,12.67172,12.67495,0.00,0.00
2014.09.08 01:52:40.707,12.67172,12.67507,0.00,0.00
2014.09.08 01:52:41.214,12.67176,12.67518,0.00,0.00
2014.09.08 01:52:44.080,12.67172,12.67507,0.00,0.00
2014.09.08 01:52:44.381,12.67172,12.67493,0.00,0.00
2014.09.08 01:52:45.173,12.67179,12.67493,0.00,0.00
2014.09.08 01:52:45.223,12.67179,12.67518,0.00,0.00
2014.09.08 01:52:45.492,12.6718,12.67505,0.00,0.00
2014.09.08 01:52:46.494,12.67172,12.67505,0.00,0.00
2014.09.08 01:53:04.237,12.67172,12.6749,0.00,0.00
2014.09.08 01:53:05.150,12.67172,12.67502,0.00,0.00
2014.09.08 01:53:24.846,12.67172,12.67491,0.00,0.00
2014.09.08 01:53:25.567,12.67172,12.67502,0.00,0.00
2014.09.08 01:53:28.153,12.67172,12.6749,0.00,0.00
2014.09.08 01:53:28.572,12.67152,12.6749,0.00,0.00
2014.09.08 01:53:31.857,12.67172,12.67516,0.00,0.00
2014.09.08 01:53:31.907,12.67182,12.67516,0.00,0.00
2014.09.08 01:53:34.094,12.67182,12.67492,0.00,0.00
2014.09.08 01:53:36.864,12.67182,12.67489,0.00,0.00
2014.09.08 01:53:36.965,12.67182,12.67515,0.00,0.00
2014.09.08 01:53:37.378,12.67182,12.67491,0.00,0.00
2014.09.08 01:53:41.371,12.67182,12.67503,0.00,0.00
2014.09.08 01:54:04.445,12.67182,12.6749,0.00,0.00
2014.09.08 01:54:11.724,12.67182,12.67473,0.00,0.00
2014.09.08 01:54:11.824,12.67098,12.6744,0.00,0.00
2014.09.08 01:54:11.924,12.67098,12.67419,0.00,0.00
2014.09.08 01:54:11.974,12.67092,12.67419,0.00,0.00
2014.09.08 01:54:12.232,12.67092,12.67432,0.00,0.00
2014.09.08 01:54:14.055,12.67101,12.67445,0.00,0.00
2014.09.08 01:54:14.159,12.67092,12.67431,0.00,0.00
2014.09.08 01:54:14.575,12.67092,12.67408,0.00,0.00
2014.09.08 01:54:17.739,12.67092,12.67421,0.00,0.00
2014.09.08 01:54:17.839,12.67092,12.67408,0.00,0.00
2014.09.08 01:54:18.039,12.67092,12.67419,0.00,0.00
2014.09.08 01:54:18.841,12.67092,12.67407,0.00,0.00
2014.09.08 01:54:21.454,12.67092,12.67419,0.00,0.00
2014.09.08 01:54:22.581,12.67075,12.67419,0.00,0.00
2014.09.08 01:54:22.777,12.67087,12.67431,0.00,0.00
2014.09.08 01:54:23.084,12.67075,12.67419,0.00,0.00
2014.09.08 01:54:27.560,12.67077,12.67419,0.00,0.00
2014.09.08 01:54:28.108,12.67064,12.67406,0.00,0.00
2014.09.08 01:54:28.162,12.67075,12.67419,0.00,0.00
2014.09.08 01:54:31.571,12.67063,12.67407,0.00,0.00
2014.09.08 01:54:36.516,12.67063,12.67405,0.00,0.00
2014.09.08 01:54:36.789,12.67074,12.67418,0.00,0.00
2014.09.08 01:54:36.922,12.67086,12.6743,0.00,0.00
2014.09.08 01:54:37.353,12.67074,12.67418,0.00,0.00
2014.09.08 01:54:38.723,12.67063,12.67405,0.00,0.00
2014.09.08 01:54:39.053,12.67069,12.67405,0.00,0.00
2014.09.08 01:54:40.043,12.67069,12.67409,0.00,0.00
2014.09.08 01:54:41.247,12.67129,12.67409,0.00,0.00
2014.09.08 01:54:41.452,12.67065,12.67409,0.00,0.00
2014.09.08 01:54:46.205,12.67078,12.6742,0.00,0.00
2014.09.08 01:54:48.344,12.67065,12.67409,0.00,0.00
2014.09.08 01:55:04.332,12.67053,12.67395,0.00,0.00
2014.09.08 01:55:04.833,12.67081,12.67425,0.00,0.00
2014.09.08 01:55:05.133,12.67065,12.67409,0.00,0.00
2014.09.08 01:55:05.434,12.67053,12.67395,0.00,0.00
2014.09.08 01:55:05.534,12.67076,12.6742,0.00,0.00
2014.09.08 01:55:08.174,12.67052,12.67396,0.00,0.00
2014.09.08 01:55:08.938,12.67064,12.67408,0.00,0.00
2014.09.08 01:55:20.962,12.67052,12.67394,0.00,0.00
2014.09.08 01:55:34.612,12.67052,12.67381,0.00,0.00
2014.09.08 01:55:34.662,12.67039,12.67381,0.00,0.00
2014.09.08 01:55:34.771,12.67022,12.67364,0.00,0.00
2014.09.08 01:55:35.071,12.67033,12.67377,0.00,0.00
2014.09.08 01:55:35.172,12.6702,12.67364,0.00,0.00
2014.09.08 01:55:35.712,12.67011,12.67353,0.00,0.00
2014.09.08 01:55:35.872,12.66989,12.67333,0.00,0.00
2014.09.08 01:55:35.973,12.67001,12.67345,0.00,0.00
2014.09.08 01:55:36.436,12.66983,12.67327,0.00,0.00
2014.09.08 01:55:36.766,12.66995,12.67339,0.00,0.00
2014.09.08 01:55:37.097,12.6701,12.67352,0.00,0.00
2014.09.08 01:55:44.415,12.66988,12.67332,0.00,0.00
2014.09.08 01:55:44.737,12.66999,12.67343,0.00,0.00
2014.09.08 01:55:59.034,12.6701,12.67352,0.00,0.00
2014.09.08 01:56:00.926,12.67,12.67342,0.00,0.00
2014.09.08 01:56:01.666,12.66986,12.6733,0.00,0.00
2014.09.08 01:56:02.979,12.66999,12.67341,0.00,0.00
2014.09.08 01:56:04.934,12.66986,12.6733,0.00,0.00
2014.09.08 01:56:05.035,12.66999,12.67341,0.00,0.00
2014.09.08 01:56:09.356,12.66986,12.6733,0.00,0.00
2014.09.08 01:56:10.269,12.66999,12.67341,0.00,0.00
2014.09.08 01:56:23.801,12.67002,12.67341,0.00,0.00
2014.09.08 01:56:24.169,12.67001,12.67323,0.00,0.00
2014.09.08 01:56:24.371,12.67015,12.67357,0.00,0.00
2014.09.08 01:56:24.471,12.67041,12.67357,0.00,0.00
2014.09.08 01:56:24.581,12.67041,12.67383,0.00,0.00
2014.09.08 01:56:24.872,12.67041,12.67372,0.00,0.00
2014.09.08 01:56:26.691,12.67049,12.67393,0.00,0.00
2014.09.08 01:56:26.792,12.67082,12.67415,0.00,0.00
2014.09.08 01:56:27.127,12.67082,12.67402,0.00,0.00
2014.09.08 01:56:29.386,12.67082,12.67416,0.00,0.00
2014.09.08 01:56:31.403,12.67082,12.67392,0.00,0.00
2014.09.08 01:56:31.507,12.67082,12.67426,0.00,0.00
2014.09.08 01:56:31.891,12.67082,12.67409,0.00,0.00
2014.09.08 01:56:34.497,12.67082,12.67399,0.00,0.00
2014.09.08 01:56:54.756,12.67082,12.67403,0.00,0.00
2014.09.08 01:57:04.176,12.67082,12.67391,0.00,0.00
2014.09.08 01:57:04.726,12.67082,12.67389,0.00,0.00
2014.09.08 01:57:05.081,12.67082,12.67415,0.00,0.00
2014.09.08 01:57:05.314,12.67082,12.6742,0.00,0.00
2014.09.08 01:57:05.484,12.67082,12.67396,0.00,0.00
2014.09.08 01:57:05.786,12.67082,12.67419,0.00,0.00
2014.09.08 01:57:08.614,12.67082,12.67407,0.00,0.00
2014.09.08 01:57:09.224,12.67082,12.67394,0.00,0.00
2014.09.08 01:57:09.934,12.67082,12.67372,0.00,0.00
2014.09.08 01:57:10.035,12.66991,12.6733,0.00,0.00
2014.09.08 01:57:10.136,12.66991,12.67308,0.00,0.00
2014.09.08 01:57:10.408,12.66991,12.67321,0.00,0.00
2014.09.08 01:57:10.538,12.66991,12.67306,0.00,0.00
2014.09.08 01:57:11.048,12.66991,12.67318,0.00,0.00
2014.09.08 01:57:11.354,12.66991,12.67305,0.00,0.00
2014.09.08 01:57:11.914,12.66991,12.67332,0.00,0.00
2014.09.08 01:57:12.414,12.66991,12.6732,0.00,0.00
2014.09.08 01:57:16.065,12.66991,12.6733,0.00,0.00
2014.09.08 01:57:17.025,12.66991,12.67307,0.00,0.00
2014.09.08 01:57:17.426,12.66991,12.6733,0.00,0.00
2014.09.08 01:57:18.928,12.66991,12.67307,0.00,0.00
2014.09.08 01:57:21.156,12.66991,12.67331,0.00,0.00
2014.09.08 01:57:21.420,12.66991,12.67271,0.00,0.00
2014.09.08 01:57:21.470,12.66987,12.67271,0.00,0.00
2014.09.08 01:57:21.571,12.66911,12.67242,0.00,0.00
2014.09.08 01:57:21.964,12.66917,12.67259,0.00,0.00
2014.09.08 01:57:22.065,12.66911,12.67238,0.00,0.00
2014.09.08 01:57:22.567,12.66911,12.6725,0.00,0.00
2014.09.08 01:57:22.633,12.66917,12.67259,0.00,0.00
2014.09.08 01:57:22.770,12.66911,12.67238,0.00,0.00
2014.09.08 01:57:23.582,12.66911,12.6725,0.00,0.00
2014.09.08 01:57:24.670,12.66911,12.67231,0.00,0.00
2014.09.08 01:57:24.770,12.66901,12.67231,0.00,0.00
2014.09.08 01:57:25.010,12.66901,12.67236,0.00,0.00
2014.09.08 01:57:25.110,12.66915,12.67259,0.00,0.00
2014.09.08 01:57:25.239,12.66903,12.67247,0.00,0.00
2014.09.08 01:57:25.567,12.66901,12.67234,0.00,0.00
2014.09.08 01:57:25.639,12.66916,12.6726,0.00,0.00
2014.09.08 01:57:26.074,12.66904,12.67248,0.00,0.00
2014.09.08 01:57:26.390,12.66901,12.67235,0.00,0.00
2014.09.08 01:57:28.660,12.66903,12.67247,0.00,0.00
2014.09.08 01:57:34.665,12.66901,12.67232,0.00,0.00
2014.09.08 01:57:35.683,12.66901,12.67181,0.00,0.00
2014.09.08 01:57:35.784,12.6686,12.67181,0.00,0.00
2014.09.08 01:57:35.891,12.66863,12.67207,0.00,0.00
2014.09.08 01:57:35.992,12.66902,12.6723,0.00,0.00
2014.09.08 01:57:36.287,12.66902,12.67238,0.00,0.00
2014.09.08 01:57:36.792,12.66902,12.67212,0.00,0.00
2014.09.08 01:57:38.323,12.66928,12.67212,0.00,0.00
2014.09.08 01:57:38.524,12.66981,12.67288,0.00,0.00
2014.09.08 01:57:38.624,12.66981,12.67318,0.00,0.00
2014.09.08 01:57:38.925,12.66981,12.67314,0.00,0.00
2014.09.08 01:57:39.026,12.66983,12.67327,0.00,0.00
2014.09.08 01:57:39.127,12.66981,12.67315,0.00,0.00
2014.09.08 01:57:39.783,12.66981,12.67302,0.00,0.00
2014.09.08 01:57:45.828,12.66982,12.67324,0.00,0.00
2014.09.08 01:57:50.215,12.66981,12.67295,0.00,0.00
2014.09.08 01:57:52.220,12.66981,12.67316,0.00,0.00
2014.09.08 01:57:53.333,12.66983,12.67327,0.00,0.00
2014.09.08 01:57:55.975,12.66981,12.67303,0.00,0.00
2014.09.08 01:58:00.843,12.66981,12.67316,0.00,0.00
2014.09.08 01:58:03.169,12.66992,12.67336,0.00,0.00
2014.09.08 01:58:04.489,12.66981,12.67316,0.00,0.00
2014.09.08 01:58:06.265,12.67002,12.67344,0.00,0.00
2014.09.08 01:58:06.366,12.67021,12.67344,0.00,0.00
2014.09.08 01:58:12.327,12.67021,12.67322,0.00,0.00
2014.09.08 01:58:12.701,12.67021,12.67333,0.00,0.00
2014.09.08 01:58:23.368,12.66989,12.67333,0.00,0.00
2014.09.08 01:58:29.852,12.66982,12.6732,0.00,0.00
2014.09.08 01:58:36.351,12.66998,12.6734,0.00,0.00
2014.09.08 01:58:43.478,12.67017,12.67361,0.00,0.00
2014.09.08 01:58:43.579,12.67049,12.67391,0.00,0.00
2014.09.08 01:58:43.679,12.67061,12.67405,0.00,0.00
2014.09.08 01:58:43.881,12.67051,12.67379,0.00,0.00
2014.09.08 01:58:43.969,12.67068,12.6741,0.00,0.00
2014.09.08 01:58:47.577,12.67077,12.67421,0.00,0.00
2014.09.08 01:58:51.183,12.67055,12.67399,0.00,0.00
2014.09.08 01:58:58.805,12.67078,12.6742,0.00,0.00
2014.09.08 01:59:05.053,12.67055,12.67399,0.00,0.00
2014.09.08 01:59:07.153,12.67076,12.6742,0.00,0.00
2014.09.08 01:59:07.645,12.67063,12.67407,0.00,0.00
2014.09.08 01:59:27.789,12.67061,12.67405,0.00,0.00
2014.09.08 01:59:30.176,12.67051,12.67395,0.00,0.00
2014.09.08 01:59:31.678,12.67051,12.67385,0.00,0.00
2014.09.08 01:59:32.014,12.66989,12.67299,0.00,0.00
2014.09.08 01:59:32.064,12.66962,12.67299,0.00,0.00
2014.09.08 01:59:32.481,12.66965,12.67309,0.00,0.00
2014.09.08 01:59:33.084,12.66962,12.67297,0.00,0.00
2014.09.08 01:59:33.381,12.66965,12.67309,0.00,0.00
2014.09.08 01:59:34.483,12.66962,12.67296,0.00,0.00
2014.09.08 01:59:35.527,12.66964,12.67308,0.00,0.00
2014.09.08 01:59:35.580,12.6698,12.67308,0.00,0.00
2014.09.08 01:59:37.610,12.66979,12.67308,0.00,0.00
2014.09.08 01:59:38.221,12.66964,12.67308,0.00,0.00
2014.09.08 01:59:42.154,12.66977,12.67321,0.00,0.00
2014.09.08 01:59:44.738,12.66962,12.67297,0.00,0.00
2014.09.08 01:59:52.829,12.66979,12.67321,0.00,0.00
2014.09.08 01:59:56.240,12.66962,12.67297,0.00,0.00
2014.09.08 01:59:58.846,12.6698,12.67322,0.00,0.00
