2018.02.14 23:00:00.540,13.49642,13.50258,0.00,0.00
2018.02.14 23:00:00.834,13.49671,13.50269,0.00,0.00
2018.02.14 23:00:01.243,13.49642,13.50158,0.00,0.00
2018.02.14 23:00:01.579,13.49632,13.50128,0.00,0.00
2018.02.14 23:00:01.922,13.49621,13.50099,0.00,0.00
2018.02.14 23:00:02.253,13.49581,13.50029,0.00,0.00
2018.02.14 23:00:02.584,13.49692,13.50108,0.00,0.00
2018.02.14 23:00:02.685,13.49741,13.50159,0.00,0.00
2018.02.14 23:00:03.006,13.49742,13.50148,0.00,0.00
2018.02.14 23:00:03.321,13.49771,13.50169,0.00,0.00
2018.02.14 23:00:03.422,13.49872,13.50278,0.00,0.00
2018.02.14 23:00:03.582,13.49901,13.50309,0.00,0.00
2018.02.14 23:00:03.733,13.49931,13.50339,0.00,0.00
2018.02.14 23:00:04.053,13.49912,13.50308,0.00,0.00
2018.02.14 23:00:04.166,13.49891,13.50289,0.00,0.00
2018.02.14 23:00:04.993,13.49892,13.50288,0.00,0.00
2018.02.14 23:00:05.124,13.49911,13.50309,0.00,0.00
2018.02.14 23:00:05.375,13.49992,13.50328,0.00,0.00
2018.02.14 23:00:05.426,13.49772,13.50168,0.00,0.00
2018.02.14 23:00:05.483,13.49792,13.50168,0.00,0.00
2018.02.14 23:00:05.535,13.49802,13.50188,0.00,0.00
2018.02.14 23:00:05.743,13.49811,13.50189,0.00,0.00
2018.02.14 23:00:05.882,13.49801,13.50189,0.00,0.00
2018.02.14 23:00:05.932,13.49811,13.50189,0.00,0.00
2018.02.14 23:00:06.033,13.49832,13.50218,0.00,0.00
2018.02.14 23:00:06.162,13.49821,13.50329,0.00,0.00
2018.02.14 23:00:06.272,13.49852,13.50348,0.00,0.00
2018.02.14 23:00:06.644,13.49891,13.50329,0.00,0.00
2018.02.14 23:00:07.275,13.49898,13.50232,0.00,0.00
2018.02.14 23:00:07.771,13.49921,13.50261,0.00,0.00
2018.02.14 23:00:07.872,13.49991,13.50332,0.00,0.00
2018.02.14 23:00:08.233,13.49981,13.50332,0.00,0.00
2018.02.14 23:00:08.334,13.49961,13.50332,0.00,0.00
2018.02.14 23:00:08.454,13.49991,13.50332,0.00,0.00
2018.02.14 23:00:08.731,13.49991,13.50342,0.00,0.00
2018.02.14 23:00:09.288,13.49992,13.50342,0.00,0.00
2018.02.14 23:00:09.339,13.49992,13.50322,0.00,0.00
2018.02.14 23:00:09.944,13.49991,13.50322,0.00,0.00
2018.02.14 23:00:10.081,13.50021,13.50331,0.00,0.00
2018.02.14 23:00:10.182,13.49992,13.50331,0.00,0.00
2018.02.14 23:00:10.233,13.49979,13.50331,0.00,0.00
2018.02.14 23:00:10.334,13.49992,13.50331,0.00,0.00
2018.02.14 23:00:10.753,13.50002,13.50331,0.00,0.00
2018.02.14 23:00:12.401,13.50001,13.50331,0.00,0.00
2018.02.14 23:00:12.502,13.50001,13.50342,0.00,0.00
2018.02.14 23:00:13.023,13.50002,13.50342,0.00,0.00
2018.02.14 23:00:13.074,13.50011,13.50342,0.00,0.00
2018.02.14 23:00:13.752,13.49998,13.50342,0.00,0.00
2018.02.14 23:00:15.291,13.50002,13.50342,0.00,0.00
2018.02.14 23:00:15.956,13.50011,13.50339,0.00,0.00
2018.02.14 23:00:16.041,13.49988,13.50319,0.00,0.00
2018.02.14 23:00:16.973,13.49988,13.50342,0.00,0.00
2018.02.14 23:00:18.192,13.50001,13.50342,0.00,0.00
2018.02.14 23:00:18.781,13.50012,13.50342,0.00,0.00
2018.02.14 23:00:19.012,13.49998,13.50338,0.00,0.00
2018.02.14 23:00:19.164,13.50001,13.50342,0.00,0.00
2018.02.14 23:00:19.917,13.49998,13.50342,0.00,0.00
2018.02.14 23:00:20.593,13.49998,13.50338,0.00,0.00
2018.02.14 23:00:21.011,13.49998,13.50342,0.00,0.00
2018.02.14 23:00:21.062,13.49989,13.50341,0.00,0.00
2018.02.14 23:00:21.172,13.50001,13.50341,0.00,0.00
2018.02.14 23:00:21.599,13.50011,13.50341,0.00,0.00
2018.02.14 23:00:22.452,13.50022,13.50341,0.00,0.00
2018.02.14 23:00:22.976,13.50002,13.50341,0.00,0.00
2018.02.14 23:00:23.142,13.49989,13.50309,0.00,0.00
2018.02.14 23:00:28.604,13.49989,13.50308,0.00,0.00
2018.02.14 23:00:28.919,13.49989,13.50328,0.00,0.00
2018.02.14 23:00:28.972,13.50002,13.50341,0.00,0.00
2018.02.14 23:00:29.298,13.50031,13.50352,0.00,0.00
2018.02.14 23:00:29.925,13.50032,13.50352,0.00,0.00
2018.02.14 23:00:30.846,13.50011,13.50352,0.00,0.00
2018.02.14 23:00:32.122,13.50012,13.50352,0.00,0.00
2018.02.14 23:00:33.208,13.50011,13.50352,0.00,0.00
2018.02.14 23:00:33.774,13.50041,13.50352,0.00,0.00
2018.02.14 23:00:33.875,13.50008,13.50352,0.00,0.00
2018.02.14 23:00:34.003,13.50008,13.50338,0.00,0.00
2018.02.14 23:00:34.201,13.50008,13.50352,0.00,0.00
2018.02.14 23:00:36.641,13.50012,13.50352,0.00,0.00
2018.02.14 23:00:36.932,13.50008,13.50352,0.00,0.00
2018.02.14 23:00:37.084,13.50011,13.50352,0.00,0.00
2018.02.14 23:00:37.447,13.50031,13.50352,0.00,0.00
2018.02.14 23:00:38.675,13.50011,13.50352,0.00,0.00
2018.02.14 23:00:39.535,13.50008,13.50352,0.00,0.00
2018.02.14 23:00:39.933,13.49998,13.50339,0.00,0.00
2018.02.14 23:00:40.783,13.49998,13.50338,0.00,0.00
2018.02.14 23:00:41.832,13.49998,13.50299,0.00,0.00
2018.02.14 23:00:41.882,13.49939,13.50278,0.00,0.00
2018.02.14 23:00:41.933,13.49932,13.50231,0.00,0.00
2018.02.14 23:00:41.984,13.49889,13.50231,0.00,0.00
2018.02.14 23:00:42.313,13.49889,13.50228,0.00,0.00
2018.02.14 23:00:42.482,13.49891,13.50231,0.00,0.00
2018.02.14 23:00:43.652,13.49889,13.50228,0.00,0.00
2018.02.14 23:00:43.874,13.49889,13.50231,0.00,0.00
2018.02.14 23:00:43.924,13.49891,13.50231,0.00,0.00
2018.02.14 23:00:44.394,13.49901,13.50231,0.00,0.00
2018.02.14 23:00:44.722,13.49911,13.50231,0.00,0.00
2018.02.14 23:00:45.983,13.49921,13.50231,0.00,0.00
2018.02.14 23:00:46.332,13.49952,13.50231,0.00,0.00
2018.02.14 23:00:46.382,13.49951,13.50281,0.00,0.00
2018.02.14 23:00:46.433,13.49939,13.50278,0.00,0.00
2018.02.14 23:00:47.302,13.49939,13.50279,0.00,0.00
2018.02.14 23:00:47.426,13.49921,13.50279,0.00,0.00
2018.02.14 23:00:47.476,13.49921,13.50242,0.00,0.00
2018.02.14 23:00:48.983,13.49922,13.50242,0.00,0.00
2018.02.14 23:00:49.104,13.49898,13.50242,0.00,0.00
2018.02.14 23:00:49.306,13.49932,13.50242,0.00,0.00
2018.02.14 23:00:50.612,13.49931,13.50242,0.00,0.00
2018.02.14 23:00:51.272,13.49931,13.50252,0.00,0.00
2018.02.14 23:00:52.251,13.49932,13.50252,0.00,0.00
2018.02.14 23:00:53.094,13.49942,13.50252,0.00,0.00
2018.02.14 23:00:53.704,13.49951,13.50252,0.00,0.00
2018.02.14 23:00:53.863,13.49901,13.50252,0.00,0.00
2018.02.14 23:00:53.914,13.49901,13.50222,0.00,0.00
2018.02.14 23:00:58.363,13.49911,13.50241,0.00,0.00
2018.02.14 23:00:58.464,13.49922,13.50241,0.00,0.00
2018.02.14 23:00:58.775,13.49901,13.50202,0.00,0.00
2018.02.14 23:00:58.826,13.49862,13.50202,0.00,0.00
2018.02.14 23:00:58.881,13.49892,13.50202,0.00,0.00
2018.02.14 23:00:58.932,13.49892,13.50232,0.00,0.00
2018.02.14 23:00:59.088,13.49901,13.50232,0.00,0.00
2018.02.14 23:00:59.671,13.49911,13.50232,0.00,0.00
2018.02.14 23:01:00.118,13.49888,13.50239,0.00,0.00
2018.02.14 23:01:00.169,13.49871,13.50232,0.00,0.00
2018.02.14 23:01:00.270,13.49871,13.50202,0.00,0.00
2018.02.14 23:01:00.794,13.49892,13.50202,0.00,0.00
2018.02.14 23:01:01.275,13.49881,13.50201,0.00,0.00
2018.02.14 23:01:01.327,13.49881,13.50141,0.00,0.00
2018.02.14 23:01:01.378,13.49821,13.50141,0.00,0.00
2018.02.14 23:01:02.174,13.49822,13.50141,0.00,0.00
2018.02.14 23:01:03.020,13.49802,13.50142,0.00,0.00
2018.02.14 23:01:03.071,13.49802,13.50121,0.00,0.00
2018.02.14 23:01:04.022,13.49789,13.50121,0.00,0.00
2018.02.14 23:01:04.231,13.49781,13.50111,0.00,0.00
2018.02.14 23:01:04.670,13.49771,13.50111,0.00,0.00
2018.02.14 23:01:04.862,13.49782,13.50111,0.00,0.00
2018.02.14 23:01:05.280,13.49811,13.50111,0.00,0.00
2018.02.14 23:01:06.503,13.49831,13.50111,0.00,0.00
2018.02.14 23:01:06.604,13.49831,13.50122,0.00,0.00
2018.02.14 23:01:07.262,13.49832,13.50122,0.00,0.00
2018.02.14 23:01:08.193,13.49842,13.50122,0.00,0.00
2018.02.14 23:01:08.583,13.49851,13.50122,0.00,0.00
2018.02.14 23:01:10.302,13.49821,13.50122,0.00,0.00
2018.02.14 23:01:10.863,13.49822,13.50122,0.00,0.00
2018.02.14 23:01:11.353,13.49811,13.50122,0.00,0.00
2018.02.14 23:01:11.673,13.49771,13.50092,0.00,0.00
2018.02.14 23:01:11.724,13.49748,13.50092,0.00,0.00
2018.02.14 23:01:13.762,13.49748,13.50088,0.00,0.00
2018.02.14 23:01:13.813,13.49728,13.50089,0.00,0.00
2018.02.14 23:01:13.864,13.49741,13.50092,0.00,0.00
2018.02.14 23:01:14.198,13.49712,13.50042,0.00,0.00
2018.02.14 23:01:14.525,13.49681,13.50011,0.00,0.00
2018.02.14 23:01:15.964,13.49682,13.50011,0.00,0.00
2018.02.14 23:01:16.065,13.49701,13.50042,0.00,0.00
2018.02.14 23:01:16.116,13.49721,13.50042,0.00,0.00
2018.02.14 23:01:19.112,13.49741,13.50042,0.00,0.00
2018.02.14 23:01:20.622,13.49742,13.50042,0.00,0.00
2018.02.14 23:01:20.690,13.49742,13.50062,0.00,0.00
2018.02.14 23:01:21.093,13.49732,13.50062,0.00,0.00
2018.02.14 23:01:22.794,13.49771,13.50062,0.00,0.00
2018.02.14 23:01:22.845,13.49832,13.50132,0.00,0.00
2018.02.14 23:01:23.083,13.49812,13.50132,0.00,0.00
2018.02.14 23:01:25.858,13.49811,13.50132,0.00,0.00
2018.02.14 23:01:26.468,13.49812,13.50132,0.00,0.00
2018.02.14 23:01:26.592,13.49812,13.50152,0.00,0.00
2018.02.14 23:01:28.822,13.49841,13.50152,0.00,0.00
2018.02.14 23:01:29.592,13.49841,13.50162,0.00,0.00
2018.02.14 23:01:30.106,13.49871,13.50162,0.00,0.00
2018.02.14 23:01:30.156,13.49871,13.50209,0.00,0.00
2018.02.14 23:01:30.207,13.49892,13.50222,0.00,0.00
2018.02.14 23:01:31.505,13.49891,13.50222,0.00,0.00
2018.02.14 23:01:33.534,13.49888,13.50219,0.00,0.00
2018.02.14 23:01:34.014,13.49829,13.50149,0.00,0.00
2018.02.14 23:01:34.115,13.49911,13.50232,0.00,0.00
2018.02.14 23:01:34.735,13.49912,13.50232,0.00,0.00
2018.02.14 23:01:34.802,13.49922,13.50232,0.00,0.00
2018.02.14 23:01:34.853,13.49922,13.50242,0.00,0.00
2018.02.14 23:01:35.982,13.49931,13.50242,0.00,0.00
2018.02.14 23:01:37.095,13.49941,13.50272,0.00,0.00
2018.02.14 23:01:37.202,13.49962,13.50272,0.00,0.00
2018.02.14 23:01:37.862,13.49961,13.50272,0.00,0.00
2018.02.14 23:01:40.492,13.49962,13.50272,0.00,0.00
2018.02.14 23:01:41.402,13.49942,13.50272,0.00,0.00
2018.02.14 23:01:41.998,13.49941,13.50272,0.00,0.00
2018.02.14 23:01:43.083,13.49928,13.50248,0.00,0.00
2018.02.14 23:01:43.133,13.49922,13.50248,0.00,0.00
2018.02.14 23:01:43.211,13.49909,13.50248,0.00,0.00
2018.02.14 23:01:43.398,13.49909,13.50238,0.00,0.00
2018.02.14 23:01:44.511,13.49941,13.50251,0.00,0.00
2018.02.14 23:01:44.562,13.49942,13.50258,0.00,0.00
2018.02.14 23:01:44.661,13.49951,13.50271,0.00,0.00
2018.02.14 23:01:44.712,13.49961,13.50271,0.00,0.00
2018.02.14 23:01:44.763,13.49941,13.50271,0.00,0.00
2018.02.14 23:01:44.834,13.49951,13.50271,0.00,0.00
2018.02.14 23:01:44.885,13.49951,13.50279,0.00,0.00
2018.02.14 23:01:44.936,13.49941,13.50279,0.00,0.00
2018.02.14 23:01:47.272,13.49942,13.50278,0.00,0.00
2018.02.14 23:01:47.541,13.50021,13.50362,0.00,0.00
2018.02.14 23:01:47.642,13.49961,13.50291,0.00,0.00
2018.02.14 23:01:47.693,13.49949,13.50291,0.00,0.00
2018.02.14 23:01:47.794,13.49949,13.50278,0.00,0.00
2018.02.14 23:01:47.912,13.49949,13.50291,0.00,0.00
2018.02.14 23:01:48.012,13.49949,13.50279,0.00,0.00
2018.02.14 23:01:48.130,13.49952,13.50291,0.00,0.00
2018.02.14 23:01:48.194,13.49949,13.50279,0.00,0.00
2018.02.14 23:01:48.245,13.49949,13.50291,0.00,0.00
2018.02.14 23:01:48.423,13.49949,13.50288,0.00,0.00
2018.02.14 23:01:48.956,13.49952,13.50291,0.00,0.00
2018.02.14 23:01:52.792,13.49961,13.50291,0.00,0.00
2018.02.14 23:01:52.962,13.49951,13.50291,0.00,0.00
2018.02.14 23:01:53.012,13.49952,13.50278,0.00,0.00
2018.02.14 23:01:53.281,13.49949,13.50279,0.00,0.00
2018.02.14 23:01:53.393,13.49938,13.50278,0.00,0.00
2018.02.14 23:01:53.443,13.49911,13.50231,0.00,0.00
2018.02.14 23:01:53.545,13.49891,13.50212,0.00,0.00
2018.02.14 23:01:54.550,13.49952,13.50258,0.00,0.00
2018.02.14 23:01:54.601,13.49952,13.50262,0.00,0.00
2018.02.14 23:01:55.294,13.49951,13.50262,0.00,0.00
2018.02.14 23:01:56.006,13.49951,13.50272,0.00,0.00
2018.02.14 23:01:56.370,13.49941,13.50272,0.00,0.00
2018.02.14 23:01:56.432,13.49952,13.50272,0.00,0.00
2018.02.14 23:01:57.003,13.49901,13.50202,0.00,0.00
2018.02.14 23:01:57.142,13.49858,13.50178,0.00,0.00
2018.02.14 23:01:57.293,13.49848,13.50179,0.00,0.00
2018.02.14 23:01:57.471,13.49862,13.50178,0.00,0.00
2018.02.14 23:01:58.172,13.49871,13.50199,0.00,0.00
2018.02.14 23:01:58.315,13.49881,13.50212,0.00,0.00
2018.02.14 23:01:58.653,13.49868,13.50212,0.00,0.00
2018.02.14 23:01:58.825,13.49862,13.50192,0.00,0.00
2018.02.14 23:01:59.494,13.49861,13.50192,0.00,0.00
2018.02.14 23:01:59.544,13.49858,13.50192,0.00,0.00
2018.02.14 23:02:00.445,13.49858,13.50189,0.00,0.00
2018.02.14 23:02:00.917,13.49871,13.50192,0.00,0.00
2018.02.14 23:02:03.742,13.49861,13.50192,0.00,0.00
2018.02.14 23:02:04.282,13.49862,13.50192,0.00,0.00
2018.02.14 23:02:05.202,13.49861,13.50192,0.00,0.00
2018.02.14 23:02:05.592,13.49881,13.50192,0.00,0.00
2018.02.14 23:02:06.682,13.49882,13.50192,0.00,0.00
2018.02.14 23:02:06.733,13.49862,13.50192,0.00,0.00
2018.02.14 23:02:06.903,13.49858,13.50179,0.00,0.00
2018.02.14 23:02:08.472,13.49861,13.50179,0.00,0.00
2018.02.14 23:02:08.622,13.49858,13.50178,0.00,0.00
2018.02.14 23:02:09.165,13.49858,13.50179,0.00,0.00
2018.02.14 23:02:09.333,13.49861,13.50179,0.00,0.00
2018.02.14 23:02:10.799,13.49862,13.50178,0.00,0.00
2018.02.14 23:02:12.672,13.49858,13.50168,0.00,0.00
2018.02.14 23:02:12.762,13.49858,13.50178,0.00,0.00
2018.02.14 23:02:13.322,13.49768,13.50128,0.00,0.00
2018.02.14 23:02:13.373,13.49768,13.50102,0.00,0.00
2018.02.14 23:02:15.868,13.49768,13.50132,0.00,0.00
2018.02.14 23:02:15.918,13.49789,13.50131,0.00,0.00
2018.02.14 23:02:19.650,13.49769,13.50111,0.00,0.00
2018.02.14 23:02:20.702,13.49769,13.50109,0.00,0.00
2018.02.14 23:02:21.081,13.49749,13.50069,0.00,0.00
2018.02.14 23:02:22.032,13.49749,13.50079,0.00,0.00
2018.02.14 23:02:23.631,13.49749,13.50108,0.00,0.00
2018.02.14 23:02:24.321,13.49749,13.50109,0.00,0.00
2018.02.14 23:02:25.312,13.49751,13.50111,0.00,0.00
2018.02.14 23:02:25.727,13.49768,13.50112,0.00,0.00
2018.02.14 23:02:26.055,13.49862,13.50162,0.00,0.00
2018.02.14 23:02:26.282,13.49841,13.50162,0.00,0.00
2018.02.14 23:02:26.768,13.49861,13.50162,0.00,0.00
2018.02.14 23:02:27.773,13.49832,13.50162,0.00,0.00
2018.02.14 23:02:27.951,13.49842,13.50162,0.00,0.00
2018.02.14 23:02:28.002,13.49831,13.50162,0.00,0.00
2018.02.14 23:02:29.521,13.49841,13.50162,0.00,0.00
2018.02.14 23:02:29.921,13.49831,13.50162,0.00,0.00
2018.02.14 23:02:30.173,13.49851,13.50162,0.00,0.00
2018.02.14 23:02:35.782,13.49852,13.50162,0.00,0.00
2018.02.14 23:02:36.179,13.49852,13.50178,0.00,0.00
2018.02.14 23:02:42.146,13.49842,13.50178,0.00,0.00
2018.02.14 23:02:42.890,13.49841,13.50179,0.00,0.00
2018.02.14 23:02:43.907,13.49852,13.50178,0.00,0.00
2018.02.14 23:02:44.568,13.49851,13.50179,0.00,0.00
2018.02.14 23:02:51.285,13.49831,13.50179,0.00,0.00
2018.02.14 23:02:52.274,13.49862,13.50202,0.00,0.00
2018.02.14 23:02:52.606,13.49882,13.50202,0.00,0.00
2018.02.14 23:02:53.214,13.49892,13.50202,0.00,0.00
2018.02.14 23:02:53.413,13.49901,13.50212,0.00,0.00
2018.02.14 23:02:53.595,13.49902,13.50242,0.00,0.00
2018.02.14 23:02:55.403,13.49898,13.50242,0.00,0.00
2018.02.14 23:02:55.453,13.49872,13.50201,0.00,0.00
2018.02.14 23:02:56.491,13.49871,13.50201,0.00,0.00
2018.02.14 23:02:56.542,13.49912,13.50252,0.00,0.00
2018.02.14 23:02:56.643,13.49932,13.50251,0.00,0.00
2018.02.14 23:02:57.175,13.49931,13.50251,0.00,0.00
2018.02.14 23:02:57.553,13.49931,13.50262,0.00,0.00
2018.02.14 23:02:57.631,13.49951,13.50262,0.00,0.00
2018.02.14 23:02:58.572,13.49972,13.50262,0.00,0.00
2018.02.14 23:02:58.801,13.49952,13.50262,0.00,0.00
2018.02.14 23:02:59.072,13.49941,13.50262,0.00,0.00
2018.02.14 23:03:00.022,13.49931,13.50262,0.00,0.00
2018.02.14 23:03:00.531,13.49941,13.50262,0.00,0.00
2018.02.14 23:03:02.093,13.49952,13.50262,0.00,0.00
2018.02.14 23:03:03.271,13.49961,13.50262,0.00,0.00
2018.02.14 23:03:03.777,13.49962,13.50262,0.00,0.00
2018.02.14 23:03:04.982,13.49951,13.50262,0.00,0.00
2018.02.14 23:03:05.479,13.49931,13.50262,0.00,0.00
2018.02.14 23:03:06.042,13.49951,13.50262,0.00,0.00
2018.02.14 23:03:06.743,13.49962,13.50262,0.00,0.00
2018.02.14 23:03:07.841,13.49941,13.50262,0.00,0.00
2018.02.14 23:03:08.785,13.49952,13.50262,0.00,0.00
2018.02.14 23:03:09.108,13.49972,13.50262,0.00,0.00
2018.02.14 23:03:09.794,13.49971,13.50262,0.00,0.00
2018.02.14 23:03:10.933,13.49951,13.50262,0.00,0.00
2018.02.14 23:03:12.820,13.49952,13.50262,0.00,0.00
2018.02.14 23:03:13.149,13.49971,13.50262,0.00,0.00
2018.02.14 23:03:14.732,13.49908,13.50252,0.00,0.00
2018.02.14 23:03:14.783,13.49899,13.50251,0.00,0.00
2018.02.14 23:03:14.884,13.49938,13.50302,0.00,0.00
2018.02.14 23:03:14.996,13.49961,13.50301,0.00,0.00
2018.02.14 23:03:15.047,13.49961,13.50321,0.00,0.00
2018.02.14 23:03:15.098,13.49979,13.50321,0.00,0.00
2018.02.14 23:03:15.460,13.49981,13.50321,0.00,0.00
2018.02.14 23:03:15.902,13.49948,13.50279,0.00,0.00
2018.02.14 23:03:15.953,13.49938,13.50278,0.00,0.00
2018.02.14 23:03:16.522,13.49942,13.50278,0.00,0.00
2018.02.14 23:03:16.913,13.50002,13.50342,0.00,0.00
2018.02.14 23:03:17.000,13.50009,13.50341,0.00,0.00
2018.02.14 23:03:17.322,13.50021,13.50341,0.00,0.00
2018.02.14 23:03:17.682,13.50022,13.50361,0.00,0.00
2018.02.14 23:03:20.080,13.50042,13.50362,0.00,0.00
2018.02.14 23:03:20.131,13.50021,13.50362,0.00,0.00
2018.02.14 23:03:20.181,13.50082,13.50392,0.00,0.00
2018.02.14 23:03:20.283,13.50058,13.50378,0.00,0.00
2018.02.14 23:03:20.384,13.50039,13.50379,0.00,0.00
2018.02.14 23:03:20.493,13.50041,13.50391,0.00,0.00
2018.02.14 23:03:21.372,13.50108,13.50452,0.00,0.00
2018.02.14 23:03:21.685,13.50079,13.50421,0.00,0.00
2018.02.14 23:03:21.838,13.50108,13.50452,0.00,0.00
2018.02.14 23:03:21.889,13.50071,13.50401,0.00,0.00
2018.02.14 23:03:21.939,13.50059,13.50401,0.00,0.00
2018.02.14 23:03:22.464,13.50059,13.50378,0.00,0.00
2018.02.14 23:03:22.852,13.50059,13.50401,0.00,0.00
2018.02.14 23:03:22.902,13.50089,13.50431,0.00,0.00
2018.02.14 23:03:23.168,13.50068,13.50412,0.00,0.00
2018.02.14 23:03:23.943,13.50088,13.50432,0.00,0.00
2018.02.14 23:03:25.946,13.50068,13.50442,0.00,0.00
2018.02.14 23:03:26.098,13.50068,13.50412,0.00,0.00
2018.02.14 23:03:26.408,13.50059,13.50378,0.00,0.00
2018.02.14 23:03:27.232,13.50059,13.50401,0.00,0.00
2018.02.14 23:03:27.283,13.50058,13.50412,0.00,0.00
2018.02.14 23:03:27.384,13.50062,13.50412,0.00,0.00
2018.02.14 23:03:27.893,13.50119,13.50461,0.00,0.00
2018.02.14 23:03:28.892,13.50119,13.50448,0.00,0.00
2018.02.14 23:03:29.279,13.50058,13.50379,0.00,0.00
2018.02.14 23:03:29.851,13.50058,13.50412,0.00,0.00
2018.02.14 23:03:29.902,13.50099,13.50448,0.00,0.00
2018.02.14 23:03:30.266,13.50118,13.50462,0.00,0.00
2018.02.14 23:03:30.840,13.50058,13.50378,0.00,0.00
2018.02.14 23:03:32.483,13.50058,13.50379,0.00,0.00
2018.02.14 23:03:32.742,13.50048,13.50379,0.00,0.00
2018.02.14 23:03:32.955,13.50051,13.50379,0.00,0.00
2018.02.14 23:03:33.645,13.50048,13.50379,0.00,0.00
2018.02.14 23:03:33.822,13.50011,13.50371,0.00,0.00
2018.02.14 23:03:33.873,13.49928,13.50249,0.00,0.00
2018.02.14 23:03:33.924,13.49908,13.50248,0.00,0.00
2018.02.14 23:03:33.975,13.49929,13.50271,0.00,0.00
2018.02.14 23:03:37.062,13.50012,13.50361,0.00,0.00
2018.02.14 23:03:37.113,13.49969,13.50278,0.00,0.00
2018.02.14 23:03:37.531,13.49959,13.50279,0.00,0.00
2018.02.14 23:03:38.062,13.49959,13.50278,0.00,0.00
2018.02.14 23:03:38.511,13.49959,13.50311,0.00,0.00
2018.02.14 23:03:38.562,13.50018,13.50362,0.00,0.00
2018.02.14 23:03:38.991,13.50021,13.50362,0.00,0.00
2018.02.14 23:03:39.311,13.50041,13.50362,0.00,0.00
2018.02.14 23:03:39.362,13.50041,13.50372,0.00,0.00
2018.02.14 23:03:39.463,13.49999,13.50361,0.00,0.00
2018.02.14 23:03:39.514,13.50018,13.50362,0.00,0.00
2018.02.14 23:03:39.890,13.49999,13.50339,0.00,0.00
2018.02.14 23:03:39.952,13.49999,13.50341,0.00,0.00
2018.02.14 23:03:40.878,13.49928,13.50278,0.00,0.00
2018.02.14 23:03:40.929,13.49948,13.50279,0.00,0.00
2018.02.14 23:03:41.031,13.49928,13.50269,0.00,0.00
2018.02.14 23:03:41.132,13.49928,13.50272,0.00,0.00
2018.02.14 23:03:42.472,13.49932,13.50272,0.00,0.00
2018.02.14 23:03:43.138,13.49931,13.50272,0.00,0.00
2018.02.14 23:03:44.299,13.50021,13.50351,0.00,0.00
2018.02.14 23:03:44.789,13.50041,13.50362,0.00,0.00
2018.02.14 23:03:45.003,13.50068,13.50412,0.00,0.00
2018.02.14 23:03:45.322,13.50098,13.50462,0.00,0.00
2018.02.14 23:03:45.373,13.50098,13.50442,0.00,0.00
2018.02.14 23:03:47.811,13.50098,13.50462,0.00,0.00
2018.02.14 23:03:47.862,13.50119,13.50461,0.00,0.00
2018.02.14 23:03:47.913,13.50079,13.50441,0.00,0.00
2018.02.14 23:03:47.963,13.50078,13.50422,0.00,0.00
2018.02.14 23:03:48.641,13.50078,13.50419,0.00,0.00
2018.02.14 23:03:48.692,13.50059,13.50418,0.00,0.00
2018.02.14 23:03:48.818,13.50059,13.50421,0.00,0.00
2018.02.14 23:03:48.919,13.50098,13.50442,0.00,0.00
2018.02.14 23:03:49.311,13.50121,13.50462,0.00,0.00
2018.02.14 23:03:49.911,13.50118,13.50462,0.00,0.00
2018.02.14 23:03:49.962,13.50059,13.50431,0.00,0.00
2018.02.14 23:03:50.012,13.50059,13.50411,0.00,0.00
2018.02.14 23:03:51.021,13.50059,13.50388,0.00,0.00
2018.02.14 23:03:51.072,13.50029,13.50361,0.00,0.00
2018.02.14 23:03:51.136,13.50022,13.50361,0.00,0.00
2018.02.14 23:03:52.033,13.50021,13.50361,0.00,0.00
2018.02.14 23:03:52.714,13.50022,13.50361,0.00,0.00
2018.02.14 23:03:53.755,13.50021,13.50372,0.00,0.00
2018.02.14 23:03:53.806,13.50031,13.50372,0.00,0.00
2018.02.14 23:03:53.907,13.50031,13.50392,0.00,0.00
2018.02.14 23:03:53.973,13.50078,13.50392,0.00,0.00
2018.02.14 23:03:54.024,13.50078,13.50409,0.00,0.00
2018.02.14 23:03:54.624,13.50078,13.50408,0.00,0.00
2018.02.14 23:03:55.387,13.50078,13.50409,0.00,0.00
2018.02.14 23:03:56.512,13.50078,13.50422,0.00,0.00
2018.02.14 23:03:56.563,13.50149,13.50428,0.00,0.00
2018.02.14 23:03:56.614,13.50149,13.50469,0.00,0.00
2018.02.14 23:03:56.765,13.50149,13.50498,0.00,0.00
2018.02.14 23:03:56.816,13.50168,13.50498,0.00,0.00
2018.02.14 23:03:57.018,13.50168,13.50512,0.00,0.00
2018.02.14 23:03:57.069,13.50151,13.50512,0.00,0.00
2018.02.14 23:03:57.700,13.50152,13.50512,0.00,0.00
2018.02.14 23:03:57.903,13.50208,13.50579,0.00,0.00
2018.02.14 23:03:57.953,13.50229,13.50579,0.00,0.00
2018.02.14 23:03:58.382,13.50232,13.50581,0.00,0.00
2018.02.14 23:03:58.902,13.50301,13.50641,0.00,0.00
2018.02.14 23:03:58.952,13.50302,13.50651,0.00,0.00
2018.02.14 23:03:59.423,13.50301,13.50621,0.00,0.00
2018.02.14 23:03:59.592,13.50279,13.50618,0.00,0.00
2018.02.14 23:03:59.643,13.50198,13.50562,0.00,0.00
2018.02.14 23:03:59.693,13.50198,13.50532,0.00,0.00
2018.02.14 23:03:59.865,13.50171,13.50511,0.00,0.00
2018.02.14 23:04:00.485,13.50169,13.50511,0.00,0.00
2018.02.14 23:04:01.793,13.50148,13.50492,0.00,0.00
2018.02.14 23:04:01.844,13.50101,13.50462,0.00,0.00
2018.02.14 23:04:01.894,13.50068,13.50422,0.00,0.00
2018.02.14 23:04:02.342,13.50068,13.50412,0.00,0.00
2018.02.14 23:04:02.952,13.50101,13.50432,0.00,0.00
2018.02.14 23:04:03.003,13.50072,13.50432,0.00,0.00
2018.02.14 23:04:03.054,13.50091,13.50432,0.00,0.00
2018.02.14 23:04:03.211,13.50081,13.50432,0.00,0.00
2018.02.14 23:04:03.264,13.50071,13.50432,0.00,0.00
2018.02.14 23:04:03.314,13.50071,13.50412,0.00,0.00
2018.02.14 23:04:04.852,13.50082,13.50412,0.00,0.00
2018.02.14 23:04:04.903,13.50088,13.50432,0.00,0.00
2018.02.14 23:04:06.408,13.50131,13.50461,0.00,0.00
2018.02.14 23:04:06.964,13.50142,13.50461,0.00,0.00
2018.02.14 23:04:08.261,13.50162,13.50461,0.00,0.00
2018.02.14 23:04:08.311,13.50162,13.50471,0.00,0.00
2018.02.14 23:04:09.242,13.50141,13.50471,0.00,0.00
2018.02.14 23:04:10.552,13.50161,13.50471,0.00,0.00
2018.02.14 23:04:11.791,13.50131,13.50452,0.00,0.00
2018.02.14 23:04:12.311,13.50151,13.50452,0.00,0.00
2018.02.14 23:04:14.713,13.50151,13.50472,0.00,0.00
2018.02.14 23:04:15.308,13.50222,13.50538,0.00,0.00
2018.02.14 23:04:15.920,13.50242,13.50542,0.00,0.00
2018.02.14 23:04:18.713,13.50251,13.50542,0.00,0.00
2018.02.14 23:04:18.773,13.50241,13.50542,0.00,0.00
2018.02.14 23:04:19.929,13.50252,13.50552,0.00,0.00
2018.02.14 23:04:20.292,13.50261,13.50552,0.00,0.00
2018.02.14 23:04:20.868,13.50271,13.50552,0.00,0.00
2018.02.14 23:04:22.617,13.50271,13.50561,0.00,0.00
2018.02.14 23:04:26.532,13.50282,13.50561,0.00,0.00
2018.02.14 23:04:26.582,13.50321,13.50641,0.00,0.00
2018.02.14 23:04:26.683,13.50331,13.50642,0.00,0.00
2018.02.14 23:04:26.734,13.50231,13.50572,0.00,0.00
2018.02.14 23:04:26.784,13.50231,13.50542,0.00,0.00
2018.02.14 23:04:27.191,13.50238,13.50589,0.00,0.00
2018.02.14 23:04:27.242,13.50292,13.50602,0.00,0.00
2018.02.14 23:04:27.800,13.50301,13.50602,0.00,0.00
2018.02.14 23:04:27.902,13.50251,13.50572,0.00,0.00
2018.02.14 23:04:27.953,13.50221,13.50572,0.00,0.00
2018.02.14 23:04:28.003,13.50221,13.50541,0.00,0.00
2018.02.14 23:04:28.851,13.50222,13.50541,0.00,0.00
2018.02.14 23:04:28.902,13.50262,13.50601,0.00,0.00
2018.02.14 23:04:28.952,13.50291,13.50601,0.00,0.00
2018.02.14 23:04:29.913,13.50242,13.50561,0.00,0.00
2018.02.14 23:04:29.991,13.50221,13.50561,0.00,0.00
2018.02.14 23:04:30.062,13.50241,13.50561,0.00,0.00
2018.02.14 23:04:30.774,13.50242,13.50561,0.00,0.00
2018.02.14 23:04:32.072,13.50241,13.50561,0.00,0.00
2018.02.14 23:04:32.394,13.50281,13.50582,0.00,0.00
2018.02.14 23:04:32.523,13.50271,13.50582,0.00,0.00
2018.02.14 23:04:33.143,13.50311,13.50612,0.00,0.00
2018.02.14 23:04:33.912,13.50292,13.50592,0.00,0.00
2018.02.14 23:04:33.963,13.50291,13.50602,0.00,0.00
2018.02.14 23:04:34.611,13.50262,13.50602,0.00,0.00
2018.02.14 23:04:34.982,13.50209,13.50551,0.00,0.00
2018.02.14 23:04:35.033,13.50198,13.50552,0.00,0.00
2018.02.14 23:04:35.234,13.50201,13.50552,0.00,0.00
2018.02.14 23:04:35.770,13.50222,13.50552,0.00,0.00
2018.02.14 23:04:36.098,13.50291,13.50601,0.00,0.00
2018.02.14 23:04:36.741,13.50251,13.50572,0.00,0.00
2018.02.14 23:04:36.842,13.50232,13.50572,0.00,0.00
2018.02.14 23:04:37.668,13.50231,13.50571,0.00,0.00
2018.02.14 23:04:38.460,13.50261,13.50571,0.00,0.00
2018.02.14 23:04:41.960,13.50261,13.50592,0.00,0.00
2018.02.14 23:04:44.221,13.50248,13.50592,0.00,0.00
2018.02.14 23:04:44.892,13.50281,13.50592,0.00,0.00
2018.02.14 23:04:44.942,13.50479,13.50808,0.00,0.00
2018.02.14 23:04:44.993,13.50479,13.50821,0.00,0.00
2018.02.14 23:04:45.043,13.50481,13.50821,0.00,0.00
2018.02.14 23:04:45.343,13.50512,13.50821,0.00,0.00
2018.02.14 23:04:45.692,13.50541,13.50821,0.00,0.00
2018.02.14 23:04:45.806,13.50542,13.50832,0.00,0.00
2018.02.14 23:04:45.857,13.50572,13.50842,0.00,0.00
2018.02.14 23:04:45.908,13.50631,13.50911,0.00,0.00
2018.02.14 23:04:45.959,13.50631,13.50921,0.00,0.00
2018.02.14 23:04:46.009,13.50651,13.50922,0.00,0.00
2018.02.14 23:04:46.282,13.50652,13.50942,0.00,0.00
2018.02.14 23:04:46.452,13.50632,13.50942,0.00,0.00
2018.02.14 23:04:46.714,13.50662,13.50942,0.00,0.00
2018.02.14 23:04:47.324,13.50661,13.50942,0.00,0.00
2018.02.14 23:04:49.025,13.50641,13.50942,0.00,0.00
2018.02.14 23:04:49.392,13.50672,13.50942,0.00,0.00
2018.02.14 23:04:50.406,13.50672,13.50952,0.00,0.00
2018.02.14 23:04:50.507,13.50651,13.50952,0.00,0.00
2018.02.14 23:04:50.558,13.50632,13.50952,0.00,0.00
2018.02.14 23:04:50.675,13.50591,13.50881,0.00,0.00
2018.02.14 23:04:50.776,13.50508,13.50849,0.00,0.00
2018.02.14 23:04:50.827,13.50511,13.50852,0.00,0.00
2018.02.14 23:04:51.283,13.50571,13.50862,0.00,0.00
2018.02.14 23:04:53.872,13.50572,13.50862,0.00,0.00
2018.02.14 23:04:53.922,13.50518,13.50862,0.00,0.00
2018.02.14 23:04:54.024,13.50542,13.50862,0.00,0.00
2018.02.14 23:04:54.074,13.50518,13.50862,0.00,0.00
2018.02.14 23:04:54.175,13.50541,13.50862,0.00,0.00
2018.02.14 23:04:54.586,13.50551,13.50862,0.00,0.00
2018.02.14 23:04:56.285,13.50541,13.50862,0.00,0.00
2018.02.14 23:04:56.386,13.50552,13.50862,0.00,0.00
2018.02.14 23:04:56.894,13.50562,13.50862,0.00,0.00
2018.02.14 23:04:57.300,13.50581,13.50862,0.00,0.00
2018.02.14 23:04:59.152,13.50562,13.50862,0.00,0.00
2018.02.14 23:04:59.602,13.50591,13.50862,0.00,0.00
2018.02.14 23:05:00.272,13.50592,13.50862,0.00,0.00
2018.02.14 23:05:00.322,13.50562,13.50881,0.00,0.00
2018.02.14 23:05:00.373,13.50602,13.50881,0.00,0.00
2018.02.14 23:05:00.423,13.50611,13.50912,0.00,0.00
2018.02.14 23:05:00.474,13.50518,13.50782,0.00,0.00
2018.02.14 23:05:00.575,13.50441,13.50782,0.00,0.00
2018.02.14 23:05:00.626,13.50441,13.50762,0.00,0.00
2018.02.14 23:05:01.444,13.50442,13.50762,0.00,0.00
2018.02.14 23:05:01.495,13.50442,13.50771,0.00,0.00
2018.02.14 23:05:01.915,13.50461,13.50791,0.00,0.00
2018.02.14 23:05:02.016,13.50461,13.50771,0.00,0.00
2018.02.14 23:05:02.491,13.50471,13.50771,0.00,0.00
2018.02.14 23:05:02.644,13.50452,13.50772,0.00,0.00
2018.02.14 23:05:02.842,13.50461,13.50772,0.00,0.00
2018.02.14 23:05:03.242,13.50491,13.50792,0.00,0.00
2018.02.14 23:05:04.612,13.50492,13.50792,0.00,0.00
2018.02.14 23:05:04.732,13.50471,13.50792,0.00,0.00
2018.02.14 23:05:05.932,13.50462,13.50792,0.00,0.00
2018.02.14 23:05:06.211,13.50448,13.50792,0.00,0.00
2018.02.14 23:05:10.631,13.50462,13.50792,0.00,0.00
2018.02.14 23:05:17.211,13.50491,13.50792,0.00,0.00
2018.02.14 23:05:18.835,13.50491,13.50821,0.00,0.00
2018.02.14 23:05:18.885,13.50552,13.50842,0.00,0.00
2018.02.14 23:05:19.262,13.50541,13.50842,0.00,0.00
2018.02.14 23:05:20.080,13.50542,13.50842,0.00,0.00
2018.02.14 23:05:20.594,13.50541,13.50842,0.00,0.00
2018.02.14 23:05:20.645,13.50551,13.50842,0.00,0.00
2018.02.14 23:05:20.746,13.50542,13.50842,0.00,0.00
2018.02.14 23:05:21.122,13.50561,13.50842,0.00,0.00
2018.02.14 23:05:22.253,13.50562,13.50842,0.00,0.00
2018.02.14 23:05:25.911,13.50561,13.50842,0.00,0.00
2018.02.14 23:05:31.208,13.50631,13.50912,0.00,0.00
2018.02.14 23:05:31.309,13.50592,13.50911,0.00,0.00
2018.02.14 23:05:31.360,13.50552,13.50832,0.00,0.00
2018.02.14 23:05:31.410,13.50532,13.50831,0.00,0.00
2018.02.14 23:05:31.461,13.50532,13.50822,0.00,0.00
2018.02.14 23:05:31.988,13.50552,13.50852,0.00,0.00
2018.02.14 23:05:32.039,13.50552,13.50831,0.00,0.00
2018.02.14 23:05:32.089,13.50522,13.50831,0.00,0.00
2018.02.14 23:05:32.241,13.50552,13.50831,0.00,0.00
2018.02.14 23:05:32.749,13.50561,13.50831,0.00,0.00
2018.02.14 23:05:32.799,13.50551,13.50831,0.00,0.00
2018.02.14 23:05:32.850,13.50582,13.50901,0.00,0.00
2018.02.14 23:05:33.001,13.50621,13.50901,0.00,0.00
2018.02.14 23:05:33.341,13.50671,13.50912,0.00,0.00
2018.02.14 23:05:33.493,13.50642,13.50912,0.00,0.00
2018.02.14 23:05:33.943,13.50641,13.50872,0.00,0.00
2018.02.14 23:05:34.044,13.50561,13.50851,0.00,0.00
2018.02.14 23:05:34.600,13.50562,13.50851,0.00,0.00
2018.02.14 23:05:34.902,13.50601,13.50872,0.00,0.00
2018.02.14 23:05:35.003,13.50551,13.50872,0.00,0.00
2018.02.14 23:05:35.054,13.50552,13.50841,0.00,0.00
2018.02.14 23:05:35.881,13.50581,13.50841,0.00,0.00
2018.02.14 23:05:35.983,13.50562,13.50841,0.00,0.00
2018.02.14 23:05:36.953,13.50592,13.50872,0.00,0.00
2018.02.14 23:05:37.041,13.50602,13.50872,0.00,0.00
2018.02.14 23:05:37.324,13.50561,13.50851,0.00,0.00
2018.02.14 23:05:37.901,13.50562,13.50851,0.00,0.00
2018.02.14 23:05:38.562,13.50561,13.50851,0.00,0.00
2018.02.14 23:05:42.543,13.50562,13.50851,0.00,0.00
2018.02.14 23:05:42.645,13.50572,13.50862,0.00,0.00
2018.02.14 23:05:44.228,13.50512,13.50812,0.00,0.00
2018.02.14 23:05:44.329,13.50481,13.50812,0.00,0.00
2018.02.14 23:05:44.910,13.50482,13.50812,0.00,0.00
2018.02.14 23:05:46.718,13.50452,13.50782,0.00,0.00
2018.02.14 23:05:46.768,13.50441,13.50782,0.00,0.00
2018.02.14 23:05:47.550,13.50442,13.50782,0.00,0.00
2018.02.14 23:05:48.732,13.50482,13.50782,0.00,0.00
2018.02.14 23:05:48.782,13.50482,13.50801,0.00,0.00
2018.02.14 23:05:48.833,13.50451,13.50801,0.00,0.00
2018.02.14 23:05:48.884,13.50451,13.50771,0.00,0.00
2018.02.14 23:05:50.352,13.50502,13.50771,0.00,0.00
2018.02.14 23:05:50.403,13.50502,13.50801,0.00,0.00
2018.02.14 23:05:51.181,13.50501,13.50801,0.00,0.00
2018.02.14 23:05:52.497,13.50521,13.50822,0.00,0.00
2018.02.14 23:05:52.599,13.50531,13.50831,0.00,0.00
2018.02.14 23:05:52.883,13.50451,13.50761,0.00,0.00
2018.02.14 23:05:52.934,13.50379,13.50662,0.00,0.00
2018.02.14 23:05:53.035,13.50278,13.50652,0.00,0.00
2018.02.14 23:05:53.086,13.50278,13.50622,0.00,0.00
2018.02.14 23:05:54.940,13.50321,13.50662,0.00,0.00
2018.02.14 23:05:55.393,13.50281,13.50652,0.00,0.00
2018.02.14 23:05:55.443,13.50308,13.50652,0.00,0.00
2018.02.14 23:05:55.494,13.50309,13.50661,0.00,0.00
2018.02.14 23:05:55.545,13.50321,13.50661,0.00,0.00
2018.02.14 23:05:55.854,13.50328,13.50662,0.00,0.00
2018.02.14 23:05:55.969,13.50261,13.50601,0.00,0.00
2018.02.14 23:05:56.083,13.50259,13.50601,0.00,0.00
2018.02.14 23:05:56.184,13.50251,13.50601,0.00,0.00
2018.02.14 23:05:56.277,13.50262,13.50601,0.00,0.00
2018.02.14 23:05:56.622,13.50288,13.50652,0.00,0.00
2018.02.14 23:05:56.673,13.50289,13.50631,0.00,0.00
2018.02.14 23:05:56.774,13.50191,13.50562,0.00,0.00
2018.02.14 23:05:56.824,13.50212,13.50562,0.00,0.00
2018.02.14 23:05:56.875,13.50261,13.50622,0.00,0.00
2018.02.14 23:05:56.926,13.50261,13.50601,0.00,0.00
2018.02.14 23:05:57.454,13.50272,13.50601,0.00,0.00
2018.02.14 23:05:57.931,13.50178,13.50522,0.00,0.00
2018.02.14 23:05:58.573,13.50262,13.50601,0.00,0.00
2018.02.14 23:05:58.922,13.50312,13.50652,0.00,0.00
2018.02.14 23:05:58.973,13.50318,13.50638,0.00,0.00
2018.02.14 23:05:59.023,13.50248,13.50612,0.00,0.00
2018.02.14 23:05:59.175,13.50249,13.50591,0.00,0.00
2018.02.14 23:05:59.942,13.50248,13.50602,0.00,0.00
2018.02.14 23:05:59.993,13.50281,13.50611,0.00,0.00
2018.02.14 23:06:00.193,13.50331,13.50662,0.00,0.00
2018.02.14 23:06:00.244,13.50338,13.50682,0.00,0.00
2018.02.14 23:06:00.294,13.50392,13.50682,0.00,0.00
2018.02.14 23:06:00.345,13.50391,13.50732,0.00,0.00
2018.02.14 23:06:00.446,13.50361,13.50702,0.00,0.00
2018.02.14 23:06:00.547,13.50349,13.50701,0.00,0.00
2018.02.14 23:06:00.972,13.50361,13.50701,0.00,0.00
2018.02.14 23:06:01.451,13.50412,13.50721,0.00,0.00
2018.02.14 23:06:01.581,13.50352,13.50711,0.00,0.00
2018.02.14 23:06:01.632,13.50378,13.50722,0.00,0.00
2018.02.14 23:06:01.892,13.50321,13.50682,0.00,0.00
2018.02.14 23:06:01.942,13.50348,13.50682,0.00,0.00
2018.02.14 23:06:01.993,13.50348,13.50692,0.00,0.00
2018.02.14 23:06:02.144,13.50351,13.50692,0.00,0.00
2018.02.14 23:06:02.853,13.50348,13.50692,0.00,0.00
2018.02.14 23:06:02.904,13.50289,13.50651,0.00,0.00
2018.02.14 23:06:02.954,13.50292,13.50621,0.00,0.00
2018.02.14 23:06:03.005,13.50321,13.50651,0.00,0.00
2018.02.14 23:06:03.106,13.50321,13.50662,0.00,0.00
2018.02.14 23:06:03.222,13.50352,13.50662,0.00,0.00
2018.02.14 23:06:03.843,13.50351,13.50662,0.00,0.00
2018.02.14 23:06:03.894,13.50401,13.50741,0.00,0.00
2018.02.14 23:06:03.995,13.50412,13.50741,0.00,0.00
2018.02.14 23:06:04.908,13.50412,13.50731,0.00,0.00
2018.02.14 23:06:04.959,13.50382,13.50731,0.00,0.00
2018.02.14 23:06:05.009,13.50382,13.50711,0.00,0.00
2018.02.14 23:06:05.910,13.50312,13.50592,0.00,0.00
2018.02.14 23:06:06.012,13.50271,13.50592,0.00,0.00
2018.02.14 23:06:06.543,13.50252,13.50592,0.00,0.00
2018.02.14 23:06:09.644,13.50251,13.50592,0.00,0.00
2018.02.14 23:06:09.811,13.50301,13.50612,0.00,0.00
2018.02.14 23:06:10.333,13.50302,13.50592,0.00,0.00
2018.02.14 23:06:10.993,13.50301,13.50592,0.00,0.00
2018.02.14 23:06:11.443,13.50282,13.50592,0.00,0.00
2018.02.14 23:06:12.212,13.50281,13.50592,0.00,0.00
2018.02.14 23:06:12.313,13.50312,13.50642,0.00,0.00
2018.02.14 23:06:12.514,13.50322,13.50642,0.00,0.00
2018.02.14 23:06:12.680,13.50381,13.50741,0.00,0.00
2018.02.14 23:06:12.733,13.50391,13.50741,0.00,0.00
2018.02.14 23:06:12.834,13.50251,13.50622,0.00,0.00
2018.02.14 23:06:12.885,13.50211,13.50551,0.00,0.00
2018.02.14 23:06:13.339,13.50231,13.50562,0.00,0.00
2018.02.14 23:06:13.862,13.50261,13.50572,0.00,0.00
2018.02.14 23:06:14.633,13.50261,13.50611,0.00,0.00
2018.02.14 23:06:14.683,13.50268,13.50612,0.00,0.00
2018.02.14 23:06:14.988,13.50312,13.50612,0.00,0.00
2018.02.14 23:06:15.761,13.50281,13.50612,0.00,0.00
2018.02.14 23:06:16.372,13.50282,13.50612,0.00,0.00
2018.02.14 23:06:23.099,13.50291,13.50612,0.00,0.00
2018.02.14 23:06:31.803,13.50281,13.50612,0.00,0.00
2018.02.14 23:06:40.253,13.50152,13.50471,0.00,0.00
2018.02.14 23:06:40.354,13.50081,13.50412,0.00,0.00
2018.02.14 23:06:40.455,13.50078,13.50412,0.00,0.00
2018.02.14 23:06:40.740,13.50079,13.50421,0.00,0.00
2018.02.14 23:06:42.623,13.50091,13.50421,0.00,0.00
2018.02.14 23:06:42.674,13.50122,13.50461,0.00,0.00
2018.02.14 23:06:44.143,13.50121,13.50461,0.00,0.00
2018.02.14 23:06:45.272,13.50132,13.50461,0.00,0.00
2018.02.14 23:06:45.373,13.50122,13.50461,0.00,0.00
2018.02.14 23:06:45.892,13.50121,13.50461,0.00,0.00
2018.02.14 23:06:46.683,13.50122,13.50462,0.00,0.00
2018.02.14 23:06:47.322,13.50121,13.50462,0.00,0.00
2018.02.14 23:06:47.509,13.50121,13.50442,0.00,0.00
2018.02.14 23:06:51.772,13.50121,13.50452,0.00,0.00
2018.02.14 23:06:52.313,13.50122,13.50452,0.00,0.00
2018.02.14 23:06:52.944,13.50151,13.50452,0.00,0.00
2018.02.14 23:06:53.634,13.50152,13.50452,0.00,0.00
2018.02.14 23:06:55.851,13.50121,13.50462,0.00,0.00
2018.02.14 23:07:00.021,13.50142,13.50462,0.00,0.00
2018.02.14 23:07:00.123,13.50141,13.50472,0.00,0.00
2018.02.14 23:07:00.174,13.50148,13.50492,0.00,0.00
2018.02.14 23:07:00.283,13.50151,13.50492,0.00,0.00
2018.02.14 23:07:03.864,13.50172,13.50492,0.00,0.00
2018.02.14 23:07:03.915,13.50171,13.50511,0.00,0.00
2018.02.14 23:07:05.424,13.50172,13.50511,0.00,0.00
2018.02.14 23:07:10.585,13.50169,13.50511,0.00,0.00
2018.02.14 23:07:10.686,13.50171,13.50511,0.00,0.00
2018.02.14 23:07:11.195,13.50172,13.50511,0.00,0.00
2018.02.14 23:07:11.785,13.50171,13.50511,0.00,0.00
2018.02.14 23:07:12.633,13.50201,13.50511,0.00,0.00
2018.02.14 23:07:12.684,13.50241,13.50562,0.00,0.00
2018.02.14 23:07:12.734,13.50262,13.50562,0.00,0.00
2018.02.14 23:07:12.873,13.50261,13.50602,0.00,0.00
2018.02.14 23:07:12.974,13.50292,13.50602,0.00,0.00
2018.02.14 23:07:14.217,13.50302,13.50622,0.00,0.00
2018.02.14 23:07:14.318,13.50278,13.50622,0.00,0.00
2018.02.14 23:07:16.834,13.50269,13.50621,0.00,0.00
2018.02.14 23:07:19.169,13.50269,13.50601,0.00,0.00
2018.02.14 23:07:20.004,13.50259,13.50601,0.00,0.00
2018.02.14 23:07:29.633,13.50271,13.50601,0.00,0.00
2018.02.14 23:07:30.047,13.50291,13.50601,0.00,0.00
2018.02.14 23:07:30.097,13.50291,13.50621,0.00,0.00
2018.02.14 23:07:30.148,13.50321,13.50621,0.00,0.00
2018.02.14 23:07:30.352,13.50332,13.50641,0.00,0.00
2018.02.14 23:07:31.293,13.50361,13.50671,0.00,0.00
2018.02.14 23:07:31.412,13.50372,13.50681,0.00,0.00
2018.02.14 23:07:32.112,13.50362,13.50682,0.00,0.00
2018.02.14 23:07:32.777,13.50361,13.50682,0.00,0.00
2018.02.14 23:07:33.853,13.50372,13.50682,0.00,0.00
2018.02.14 23:07:34.782,13.50361,13.50662,0.00,0.00
2018.02.14 23:07:34.833,13.50331,13.50642,0.00,0.00
2018.02.14 23:07:34.934,13.50311,13.50642,0.00,0.00
2018.02.14 23:07:35.891,13.50319,13.50661,0.00,0.00
2018.02.14 23:07:37.169,13.50331,13.50661,0.00,0.00
2018.02.14 23:07:37.635,13.50352,13.50661,0.00,0.00
2018.02.14 23:07:38.391,13.50351,13.50661,0.00,0.00
2018.02.14 23:07:41.773,13.50371,13.50661,0.00,0.00
2018.02.14 23:07:41.824,13.50371,13.50672,0.00,0.00
2018.02.14 23:07:42.012,13.50381,13.50672,0.00,0.00
2018.02.14 23:07:42.113,13.50352,13.50672,0.00,0.00
2018.02.14 23:07:44.952,13.50351,13.50672,0.00,0.00
2018.02.14 23:07:45.003,13.50351,13.50662,0.00,0.00
2018.02.14 23:07:45.053,13.50311,13.50662,0.00,0.00
2018.02.14 23:07:45.395,13.50299,13.50641,0.00,0.00
2018.02.14 23:07:49.781,13.50281,13.50602,0.00,0.00
2018.02.14 23:07:49.832,13.50258,13.50602,0.00,0.00
2018.02.14 23:07:50.079,13.50241,13.50601,0.00,0.00
2018.02.14 23:07:50.652,13.50242,13.50601,0.00,0.00
2018.02.14 23:07:50.781,13.50271,13.50601,0.00,0.00
2018.02.14 23:07:50.884,13.50251,13.50601,0.00,0.00
2018.02.14 23:07:50.981,13.50241,13.50601,0.00,0.00
2018.02.14 23:07:51.082,13.50271,13.50601,0.00,0.00
2018.02.14 23:07:55.074,13.50301,13.50601,0.00,0.00
2018.02.14 23:07:57.111,13.50272,13.50601,0.00,0.00
2018.02.14 23:07:57.286,13.50281,13.50601,0.00,0.00
2018.02.14 23:07:57.387,13.50301,13.50631,0.00,0.00
2018.02.14 23:07:57.501,13.50332,13.50631,0.00,0.00
2018.02.14 23:07:58.302,13.50331,13.50631,0.00,0.00
2018.02.14 23:08:00.309,13.50342,13.50671,0.00,0.00
2018.02.14 23:08:00.360,13.50331,13.50672,0.00,0.00
2018.02.14 23:08:01.289,13.50332,13.50672,0.00,0.00
2018.02.14 23:08:03.412,13.50331,13.50672,0.00,0.00
2018.02.14 23:08:06.062,13.50341,13.50672,0.00,0.00
2018.02.14 23:08:08.735,13.50361,13.50672,0.00,0.00
2018.02.14 23:08:09.119,13.50341,13.50631,0.00,0.00
2018.02.14 23:08:09.170,13.50312,13.50631,0.00,0.00
2018.02.14 23:08:12.451,13.50321,13.50631,0.00,0.00
2018.02.14 23:08:13.208,13.50322,13.50631,0.00,0.00
2018.02.14 23:08:13.259,13.50322,13.50641,0.00,0.00
2018.02.14 23:08:13.351,13.50311,13.50641,0.00,0.00
2018.02.14 23:08:19.022,13.50312,13.50641,0.00,0.00
2018.02.14 23:08:23.154,13.50311,13.50641,0.00,0.00
2018.02.14 23:08:26.033,13.50312,13.50641,0.00,0.00
2018.02.14 23:08:26.640,13.50282,13.50622,0.00,0.00
2018.02.14 23:08:27.464,13.50281,13.50622,0.00,0.00
2018.02.14 23:08:27.515,13.50331,13.50662,0.00,0.00
2018.02.14 23:08:28.083,13.50351,13.50662,0.00,0.00
2018.02.14 23:08:28.280,13.50332,13.50662,0.00,0.00
2018.02.14 23:08:28.432,13.50321,13.50662,0.00,0.00
2018.02.14 23:08:28.712,13.50318,13.50662,0.00,0.00
2018.02.14 23:08:28.914,13.50269,13.50631,0.00,0.00
2018.02.14 23:08:28.982,13.50268,13.50612,0.00,0.00
2018.02.14 23:08:30.072,13.50272,13.50612,0.00,0.00
2018.02.14 23:08:30.265,13.50268,13.50612,0.00,0.00
2018.02.14 23:08:30.341,13.50261,13.50612,0.00,0.00
2018.02.14 23:08:30.442,13.50292,13.50612,0.00,0.00
2018.02.14 23:08:30.606,13.50291,13.50631,0.00,0.00
2018.02.14 23:08:30.657,13.50298,13.50632,0.00,0.00
2018.02.14 23:08:31.095,13.50322,13.50632,0.00,0.00
2018.02.14 23:08:33.253,13.50321,13.50632,0.00,0.00
2018.02.14 23:08:34.203,13.50322,13.50632,0.00,0.00
2018.02.14 23:08:34.728,13.50321,13.50632,0.00,0.00
2018.02.14 23:08:35.104,13.50352,13.50662,0.00,0.00
2018.02.14 23:08:36.932,13.50382,13.50702,0.00,0.00
2018.02.14 23:08:37.033,13.50362,13.50682,0.00,0.00
2018.02.14 23:08:37.548,13.50361,13.50682,0.00,0.00
2018.02.14 23:08:38.076,13.50362,13.50682,0.00,0.00
2018.02.14 23:08:39.661,13.50268,13.50612,0.00,0.00
2018.02.14 23:08:39.712,13.50259,13.50611,0.00,0.00
2018.02.14 23:08:41.843,13.50261,13.50611,0.00,0.00
2018.02.14 23:08:43.481,13.50282,13.50611,0.00,0.00
2018.02.14 23:08:46.142,13.50319,13.50649,0.00,0.00
2018.02.14 23:08:46.193,13.50331,13.50661,0.00,0.00
2018.02.14 23:08:46.657,13.50341,13.50661,0.00,0.00
2018.02.14 23:08:50.522,13.50301,13.50602,0.00,0.00
2018.02.14 23:08:50.644,13.50271,13.50602,0.00,0.00
2018.02.14 23:08:51.072,13.50258,13.50602,0.00,0.00
2018.02.14 23:08:52.076,13.50271,13.50602,0.00,0.00
2018.02.14 23:08:52.446,13.50309,13.50549,0.00,0.00
2018.02.14 23:09:00.212,13.50309,13.50548,0.00,0.00
2018.02.14 23:09:01.320,13.50309,13.50549,0.00,0.00
2018.02.14 23:09:02.564,13.50309,13.50548,0.00,0.00
2018.02.14 23:09:03.864,13.50298,13.50548,0.00,0.00
2018.02.14 23:09:04.572,13.50298,13.50549,0.00,0.00
2018.02.14 23:09:08.081,13.50278,13.50559,0.00,0.00
2018.02.14 23:09:09.927,13.50229,13.50469,0.00,0.00
2018.02.14 23:09:10.128,13.50208,13.50459,0.00,0.00
2018.02.14 23:09:10.864,13.50208,13.50458,0.00,0.00
2018.02.14 23:09:11.372,13.50208,13.50459,0.00,0.00
2018.02.14 23:09:12.187,13.50209,13.50458,0.00,0.00
2018.02.14 23:09:15.152,13.50209,13.50519,0.00,0.00
2018.02.14 23:09:15.203,13.50208,13.50529,0.00,0.00
2018.02.14 23:09:15.973,13.50208,13.50459,0.00,0.00
2018.02.14 23:09:16.520,13.50208,13.50458,0.00,0.00
2018.02.14 23:09:16.951,13.50208,13.50498,0.00,0.00
2018.02.14 23:09:17.001,13.50208,13.50468,0.00,0.00
2018.02.14 23:09:17.102,13.50268,13.50568,0.00,0.00
2018.02.14 23:09:17.204,13.50292,13.50568,0.00,0.00
2018.02.14 23:09:17.841,13.50291,13.50569,0.00,0.00
2018.02.14 23:09:19.782,13.50271,13.50569,0.00,0.00
2018.02.14 23:09:21.653,13.50268,13.50569,0.00,0.00
2018.02.14 23:09:22.142,13.50271,13.50569,0.00,0.00
2018.02.14 23:09:22.814,13.50268,13.50568,0.00,0.00
2018.02.14 23:09:23.513,13.50268,13.50569,0.00,0.00
2018.02.14 23:09:23.824,13.50271,13.50569,0.00,0.00
2018.02.14 23:09:24.613,13.50282,13.50568,0.00,0.00
2018.02.14 23:09:25.113,13.50272,13.50568,0.00,0.00
2018.02.14 23:09:35.942,13.50282,13.50568,0.00,0.00
2018.02.14 23:09:38.411,13.50272,13.50568,0.00,0.00
2018.02.14 23:09:38.462,13.50271,13.50579,0.00,0.00
2018.02.14 23:09:44.743,13.50268,13.50578,0.00,0.00
2018.02.14 23:09:45.074,13.50272,13.50578,0.00,0.00
2018.02.14 23:09:52.922,13.50271,13.50579,0.00,0.00
2018.02.14 23:09:53.562,13.50281,13.50579,0.00,0.00
2018.02.14 23:09:57.431,13.50282,13.50578,0.00,0.00
2018.02.14 23:09:57.894,13.50301,13.50579,0.00,0.00
2018.02.14 23:09:58.225,13.50311,13.50579,0.00,0.00
2018.02.14 23:10:01.043,13.50301,13.50579,0.00,0.00
2018.02.14 23:10:02.236,13.50302,13.50578,0.00,0.00
2018.02.14 23:10:02.515,13.50279,13.50579,0.00,0.00
2018.02.14 23:10:07.539,13.50269,13.50579,0.00,0.00
2018.02.14 23:10:09.823,13.50319,13.50579,0.00,0.00
2018.02.14 23:10:11.077,13.50271,13.50579,0.00,0.00
2018.02.14 23:10:12.869,13.50291,13.50579,0.00,0.00
2018.02.14 23:10:14.690,13.50329,13.50579,0.00,0.00
2018.02.14 23:10:15.459,13.50329,13.50578,0.00,0.00
2018.02.14 23:10:17.613,13.50329,13.50579,0.00,0.00
2018.02.14 23:10:17.663,13.50298,13.50579,0.00,0.00
2018.02.14 23:10:17.934,13.50328,13.50579,0.00,0.00
2018.02.14 23:10:18.515,13.50328,13.50578,0.00,0.00
2018.02.14 23:10:20.194,13.50328,13.50579,0.00,0.00
2018.02.14 23:10:20.773,13.50328,13.50578,0.00,0.00
2018.02.14 23:10:21.843,13.50328,13.50579,0.00,0.00
2018.02.14 23:10:22.345,13.50328,13.50578,0.00,0.00
2018.02.14 23:10:22.902,13.50299,13.50578,0.00,0.00
2018.02.14 23:10:23.134,13.50328,13.50578,0.00,0.00
2018.02.14 23:10:23.184,13.50298,13.50578,0.00,0.00
2018.02.14 23:10:24.883,13.50329,13.50578,0.00,0.00
2018.02.14 23:10:25.281,13.50299,13.50578,0.00,0.00
2018.02.14 23:10:26.585,13.50299,13.50579,0.00,0.00
2018.02.14 23:10:26.843,13.50269,13.50579,0.00,0.00
2018.02.14 23:10:27.183,13.50329,13.50578,0.00,0.00
2018.02.14 23:10:28.313,13.50268,13.50578,0.00,0.00
2018.02.14 23:10:29.024,13.50268,13.50579,0.00,0.00
2018.02.14 23:10:29.076,13.50328,13.50579,0.00,0.00
2018.02.14 23:10:34.841,13.50328,13.50578,0.00,0.00
2018.02.14 23:10:35.872,13.50292,13.50578,0.00,0.00
2018.02.14 23:10:35.923,13.50268,13.50578,0.00,0.00
2018.02.14 23:10:40.084,13.50329,13.50578,0.00,0.00
2018.02.14 23:10:53.328,13.50398,13.50578,0.00,0.00
2018.02.14 23:10:53.379,13.50342,13.50658,0.00,0.00
2018.02.14 23:10:53.480,13.50361,13.50679,0.00,0.00
2018.02.14 23:10:53.581,13.50392,13.50678,0.00,0.00
2018.02.14 23:10:53.902,13.50429,13.50678,0.00,0.00
2018.02.14 23:10:53.953,13.50378,13.50679,0.00,0.00
2018.02.14 23:10:54.062,13.50428,13.50679,0.00,0.00
2018.02.14 23:10:57.594,13.50428,13.50678,0.00,0.00
2018.02.14 23:10:57.644,13.50412,13.50688,0.00,0.00
2018.02.14 23:10:57.890,13.50412,13.50708,0.00,0.00
2018.02.14 23:10:57.941,13.50442,13.50728,0.00,0.00
2018.02.14 23:10:58.267,13.50378,13.50638,0.00,0.00
2018.02.14 23:10:58.960,13.50428,13.50639,0.00,0.00
2018.02.14 23:10:59.529,13.50409,13.50639,0.00,0.00
2018.02.14 23:11:00.231,13.50409,13.50638,0.00,0.00
2018.02.14 23:11:01.515,13.50421,13.50659,0.00,0.00
2018.02.14 23:11:04.148,13.50421,13.50639,0.00,0.00
2018.02.14 23:11:05.391,13.50422,13.50638,0.00,0.00
2018.02.14 23:11:05.442,13.50431,13.50729,0.00,0.00
2018.02.14 23:11:05.493,13.50428,13.50728,0.00,0.00
2018.02.14 23:11:06.173,13.50428,13.50729,0.00,0.00
2018.02.14 23:11:07.885,13.50428,13.50728,0.00,0.00
2018.02.14 23:11:11.857,13.50409,13.50728,0.00,0.00
2018.02.14 23:11:11.908,13.50388,13.50639,0.00,0.00
2018.02.14 23:11:12.301,13.50419,13.50638,0.00,0.00
2018.02.14 23:11:14.247,13.50398,13.50638,0.00,0.00
2018.02.14 23:11:14.358,13.50388,13.50638,0.00,0.00
2018.02.14 23:11:14.824,13.50418,13.50638,0.00,0.00
2018.02.14 23:11:15.451,13.50418,13.50639,0.00,0.00
2018.02.14 23:11:15.502,13.50399,13.50639,0.00,0.00
2018.02.14 23:11:15.553,13.50422,13.50738,0.00,0.00
2018.02.14 23:11:15.604,13.50428,13.50738,0.00,0.00
2018.02.14 23:11:15.919,13.50428,13.50718,0.00,0.00
2018.02.14 23:11:19.129,13.50488,13.50718,0.00,0.00
2018.02.14 23:11:22.138,13.50519,13.50718,0.00,0.00
2018.02.14 23:11:22.189,13.50461,13.50729,0.00,0.00
2018.02.14 23:11:22.707,13.50441,13.50719,0.00,0.00
2018.02.14 23:11:22.814,13.50432,13.50718,0.00,0.00
2018.02.14 23:11:28.811,13.50441,13.50719,0.00,0.00
2018.02.14 23:11:29.366,13.50442,13.50718,0.00,0.00
2018.02.14 23:11:30.084,13.50499,13.50718,0.00,0.00
2018.02.14 23:11:30.281,13.50442,13.50718,0.00,0.00
2018.02.14 23:11:30.331,13.50472,13.50728,0.00,0.00
2018.02.14 23:11:30.743,13.50481,13.50729,0.00,0.00
2018.02.14 23:11:32.169,13.50488,13.50729,0.00,0.00
2018.02.14 23:11:32.220,13.50472,13.50718,0.00,0.00
2018.02.14 23:11:32.313,13.50442,13.50718,0.00,0.00
2018.02.14 23:11:33.081,13.50508,13.50718,0.00,0.00
2018.02.14 23:11:33.132,13.50471,13.50729,0.00,0.00
2018.02.14 23:11:33.304,13.50492,13.50728,0.00,0.00
2018.02.14 23:11:34.884,13.50491,13.50729,0.00,0.00
2018.02.14 23:11:35.574,13.50492,13.50728,0.00,0.00
2018.02.14 23:11:39.204,13.50501,13.50729,0.00,0.00
2018.02.14 23:11:40.084,13.50508,13.50729,0.00,0.00
2018.02.14 23:11:42.040,13.50501,13.50729,0.00,0.00
2018.02.14 23:11:42.753,13.50508,13.50729,0.00,0.00
2018.02.14 23:11:42.804,13.50508,13.50739,0.00,0.00
2018.02.14 23:11:42.855,13.50501,13.50739,0.00,0.00
2018.02.14 23:11:44.578,13.50531,13.50819,0.00,0.00
2018.02.14 23:11:44.633,13.50598,13.50829,0.00,0.00
2018.02.14 23:11:44.684,13.50571,13.50829,0.00,0.00
2018.02.14 23:11:48.473,13.50588,13.50829,0.00,0.00
2018.02.14 23:11:48.524,13.50552,13.50818,0.00,0.00
2018.02.14 23:11:48.952,13.50599,13.50818,0.00,0.00
2018.02.14 23:11:49.003,13.50551,13.50829,0.00,0.00
2018.02.14 23:11:50.084,13.50598,13.50829,0.00,0.00
2018.02.14 23:11:51.614,13.50598,13.50819,0.00,0.00
2018.02.14 23:11:51.666,13.50551,13.50819,0.00,0.00
2018.02.14 23:11:52.201,13.50522,13.50818,0.00,0.00
2018.02.14 23:11:52.985,13.50598,13.50819,0.00,0.00
2018.02.14 23:11:53.035,13.50528,13.50819,0.00,0.00
2018.02.14 23:11:56.390,13.50551,13.50819,0.00,0.00
2018.02.14 23:12:00.084,13.50598,13.50819,0.00,0.00
2018.02.14 23:12:00.226,13.50551,13.50819,0.00,0.00
2018.02.14 23:12:00.277,13.50551,13.50809,0.00,0.00
2018.02.14 23:12:00.672,13.50588,13.50809,0.00,0.00
2018.02.14 23:12:01.080,13.50608,13.50809,0.00,0.00
2018.02.14 23:12:01.713,13.50579,13.50809,0.00,0.00
2018.02.14 23:12:03.924,13.50608,13.50809,0.00,0.00
2018.02.14 23:12:04.483,13.50608,13.50808,0.00,0.00
2018.02.14 23:12:05.191,13.50608,13.50819,0.00,0.00
2018.02.14 23:12:05.242,13.50581,13.50819,0.00,0.00
2018.02.14 23:12:06.337,13.50552,13.50808,0.00,0.00
2018.02.14 23:12:08.989,13.50598,13.50808,0.00,0.00
2018.02.14 23:12:09.378,13.50589,13.50809,0.00,0.00
2018.02.14 23:12:10.453,13.50539,13.50809,0.00,0.00
2018.02.14 23:12:12.605,13.50608,13.50809,0.00,0.00
2018.02.14 23:12:12.800,13.50578,13.50809,0.00,0.00
2018.02.14 23:12:13.722,13.50578,13.50808,0.00,0.00
2018.02.14 23:12:14.272,13.50578,13.50809,0.00,0.00
2018.02.14 23:12:15.248,13.50608,13.50808,0.00,0.00
2018.02.14 23:12:15.299,13.50578,13.50808,0.00,0.00
2018.02.14 23:12:16.251,13.50578,13.50809,0.00,0.00
2018.02.14 23:12:18.607,13.50608,13.50809,0.00,0.00
2018.02.14 23:12:18.657,13.50551,13.50809,0.00,0.00
2018.02.14 23:12:20.084,13.50608,13.50809,0.00,0.00
2018.02.14 23:12:24.371,13.50418,13.50559,0.00,0.00
2018.02.14 23:12:24.422,13.50292,13.50612,0.00,0.00
2018.02.14 23:12:24.473,13.50319,13.50651,0.00,0.00
2018.02.14 23:12:24.524,13.50398,13.50662,0.00,0.00
2018.02.14 23:12:24.574,13.50342,13.50692,0.00,0.00
2018.02.14 23:12:24.625,13.50362,13.50692,0.00,0.00
2018.02.14 23:12:25.001,13.50429,13.50672,0.00,0.00
2018.02.14 23:12:29.377,13.50408,13.50672,0.00,0.00
2018.02.14 23:12:31.032,13.50388,13.50671,0.00,0.00
2018.02.14 23:12:31.083,13.50348,13.50671,0.00,0.00
2018.02.14 23:12:31.184,13.50348,13.50662,0.00,0.00
2018.02.14 23:12:32.411,13.50399,13.50662,0.00,0.00
2018.02.14 23:12:32.462,13.50341,13.50621,0.00,0.00
2018.02.14 23:12:32.563,13.50302,13.50621,0.00,0.00
2018.02.14 23:12:33.483,13.50329,13.50621,0.00,0.00
2018.02.14 23:12:33.706,13.50338,13.50652,0.00,0.00
2018.02.14 23:12:37.029,13.50352,13.50652,0.00,0.00
2018.02.14 23:12:38.140,13.50409,13.50652,0.00,0.00
2018.02.14 23:12:38.190,13.50359,13.50662,0.00,0.00
2018.02.14 23:12:38.241,13.50359,13.50672,0.00,0.00
2018.02.14 23:12:38.349,13.50401,13.50672,0.00,0.00
2018.02.14 23:12:39.161,13.50402,13.50672,0.00,0.00
2018.02.14 23:12:39.324,13.50351,13.50671,0.00,0.00
2018.02.14 23:12:40.084,13.50418,13.50671,0.00,0.00
2018.02.14 23:12:40.840,13.50351,13.50671,0.00,0.00
2018.02.14 23:12:40.890,13.50361,13.50671,0.00,0.00
2018.02.14 23:12:43.132,13.50419,13.50671,0.00,0.00
2018.02.14 23:12:43.201,13.50361,13.50671,0.00,0.00
2018.02.14 23:12:46.271,13.50419,13.50672,0.00,0.00
2018.02.14 23:12:46.322,13.50381,13.50672,0.00,0.00
2018.02.14 23:12:46.372,13.50392,13.50672,0.00,0.00
2018.02.14 23:12:46.769,13.50488,13.50672,0.00,0.00
2018.02.14 23:12:46.820,13.50401,13.50732,0.00,0.00
2018.02.14 23:12:46.870,13.50401,13.50712,0.00,0.00
2018.02.14 23:12:47.213,13.50411,13.50712,0.00,0.00
2018.02.14 23:12:48.065,13.50469,13.50712,0.00,0.00
2018.02.14 23:12:48.116,13.50441,13.50731,0.00,0.00
2018.02.14 23:12:48.802,13.50508,13.50731,0.00,0.00
2018.02.14 23:12:48.853,13.50411,13.50671,0.00,0.00
2018.02.14 23:12:48.904,13.50398,13.50732,0.00,0.00
2018.02.14 23:12:48.955,13.50432,13.50732,0.00,0.00
2018.02.14 23:12:49.652,13.50431,13.50732,0.00,0.00
2018.02.14 23:12:50.111,13.50478,13.50732,0.00,0.00
2018.02.14 23:12:50.620,13.50431,13.50732,0.00,0.00
2018.02.14 23:12:50.812,13.50432,13.50712,0.00,0.00
2018.02.14 23:12:51.346,13.50478,13.50712,0.00,0.00
2018.02.14 23:12:51.397,13.50442,13.50741,0.00,0.00
2018.02.14 23:12:51.509,13.50462,13.50741,0.00,0.00
2018.02.14 23:12:51.561,13.50368,13.50661,0.00,0.00
2018.02.14 23:12:51.612,13.50331,13.50662,0.00,0.00
2018.02.14 23:12:51.713,13.50291,13.50601,0.00,0.00
2018.02.14 23:12:51.985,13.50261,13.50572,0.00,0.00
2018.02.14 23:12:52.102,13.50308,13.50572,0.00,0.00
2018.02.14 23:12:52.152,13.50291,13.50591,0.00,0.00
2018.02.14 23:12:52.203,13.50301,13.50591,0.00,0.00
2018.02.14 23:12:56.509,13.50341,13.50611,0.00,0.00
2018.02.14 23:12:57.392,13.50388,13.50611,0.00,0.00
2018.02.14 23:12:57.443,13.50341,13.50641,0.00,0.00
2018.02.14 23:13:00.084,13.50379,13.50641,0.00,0.00
2018.02.14 23:13:00.185,13.50379,13.50652,0.00,0.00
2018.02.14 23:13:09.384,13.50368,13.50652,0.00,0.00
2018.02.14 23:13:10.704,13.50388,13.50652,0.00,0.00
2018.02.14 23:13:10.754,13.50368,13.50652,0.00,0.00
2018.02.14 23:13:11.084,13.50348,13.50652,0.00,0.00
2018.02.14 23:13:11.135,13.50301,13.50581,0.00,0.00
2018.02.14 23:13:11.223,13.50251,13.50581,0.00,0.00
2018.02.14 23:13:11.273,13.50299,13.50581,0.00,0.00
2018.02.14 23:13:11.643,13.50319,13.50581,0.00,0.00
2018.02.14 23:13:12.457,13.50298,13.50581,0.00,0.00
2018.02.14 23:13:12.509,13.50298,13.50571,0.00,0.00
2018.02.14 23:13:13.034,13.50319,13.50571,0.00,0.00
2018.02.14 23:13:13.084,13.50252,13.50581,0.00,0.00
2018.02.14 23:13:13.251,13.50262,13.50581,0.00,0.00
2018.02.14 23:13:14.448,13.50318,13.50581,0.00,0.00
2018.02.14 23:13:14.499,13.50318,13.50618,0.00,0.00
2018.02.14 23:13:15.293,13.50318,13.50619,0.00,0.00
2018.02.14 23:13:19.277,13.50298,13.50619,0.00,0.00
2018.02.14 23:13:21.492,13.50329,13.50619,0.00,0.00
2018.02.14 23:13:21.542,13.50329,13.50629,0.00,0.00
2018.02.14 23:13:22.441,13.50329,13.50628,0.00,0.00
2018.02.14 23:13:22.492,13.50309,13.50628,0.00,0.00
2018.02.14 23:13:22.621,13.50312,13.50628,0.00,0.00
2018.02.14 23:13:29.372,13.50308,13.50628,0.00,0.00
2018.02.14 23:13:30.084,13.50328,13.50628,0.00,0.00
2018.02.14 23:13:30.959,13.50308,13.50628,0.00,0.00
2018.02.14 23:13:31.047,13.50378,13.50709,0.00,0.00
2018.02.14 23:13:31.098,13.50381,13.50711,0.00,0.00
2018.02.14 23:13:31.255,13.50229,13.50568,0.00,0.00
2018.02.14 23:13:31.417,13.50229,13.50541,0.00,0.00
2018.02.14 23:13:32.573,13.50229,13.50538,0.00,0.00
2018.02.14 23:13:32.764,13.50229,13.50541,0.00,0.00
2018.02.14 23:13:37.121,13.50258,13.50539,0.00,0.00
2018.02.14 23:13:37.181,13.50258,13.50591,0.00,0.00
2018.02.14 23:13:37.232,13.50249,13.50591,0.00,0.00
2018.02.14 23:13:39.568,13.50242,13.50562,0.00,0.00
2018.02.14 23:13:39.619,13.50198,13.50529,0.00,0.00
2018.02.14 23:13:39.857,13.50229,13.50528,0.00,0.00
2018.02.14 23:13:41.811,13.50148,13.50428,0.00,0.00
2018.02.14 23:13:41.862,13.50112,13.50428,0.00,0.00
2018.02.14 23:13:41.920,13.50112,13.50322,0.00,0.00
2018.02.14 23:13:41.971,13.50089,13.50322,0.00,0.00
2018.02.14 23:13:42.022,13.50062,13.50322,0.00,0.00
2018.02.14 23:13:42.123,13.50058,13.50322,0.00,0.00
2018.02.14 23:13:42.174,13.50139,13.50322,0.00,0.00
2018.02.14 23:13:42.224,13.50091,13.50371,0.00,0.00
2018.02.14 23:13:42.275,13.50138,13.50371,0.00,0.00
2018.02.14 23:13:42.342,13.50121,13.50371,0.00,0.00
2018.02.14 23:13:42.393,13.50091,13.50321,0.00,0.00
2018.02.14 23:13:42.494,13.50139,13.50372,0.00,0.00
2018.02.14 23:13:43.474,13.50131,13.50372,0.00,0.00
2018.02.14 23:13:43.525,13.50108,13.50322,0.00,0.00
2018.02.14 23:13:43.672,13.50071,13.50322,0.00,0.00
2018.02.14 23:13:43.773,13.50091,13.50322,0.00,0.00
2018.02.14 23:13:44.345,13.50139,13.50322,0.00,0.00
2018.02.14 23:13:44.501,13.50119,13.50322,0.00,0.00
2018.02.14 23:13:44.602,13.50061,13.50322,0.00,0.00
2018.02.14 23:13:45.468,13.50058,13.50322,0.00,0.00
2018.02.14 23:13:46.081,13.50079,13.50322,0.00,0.00
2018.02.14 23:13:46.154,13.50049,13.50322,0.00,0.00
2018.02.14 23:13:46.204,13.50032,13.50222,0.00,0.00
2018.02.14 23:13:46.306,13.50038,13.50288,0.00,0.00
2018.02.14 23:13:46.357,13.50021,13.50289,0.00,0.00
2018.02.14 23:13:46.415,13.50021,13.50282,0.00,0.00
2018.02.14 23:13:47.422,13.50059,13.50282,0.00,0.00
2018.02.14 23:13:48.352,13.50028,13.50282,0.00,0.00
2018.02.14 23:13:49.378,13.50048,13.50282,0.00,0.00
2018.02.14 23:13:49.505,13.50029,13.50282,0.00,0.00
2018.02.14 23:13:49.556,13.50002,13.50232,0.00,0.00
2018.02.14 23:13:49.607,13.49981,13.50232,0.00,0.00
2018.02.14 23:13:50.081,13.50028,13.50232,0.00,0.00
2018.02.14 23:13:50.309,13.50052,13.50282,0.00,0.00
2018.02.14 23:13:50.410,13.50052,13.50331,0.00,0.00
2018.02.14 23:13:51.989,13.50008,13.50231,0.00,0.00
2018.02.14 23:13:52.039,13.49961,13.50231,0.00,0.00
2018.02.14 23:13:52.141,13.50038,13.50231,0.00,0.00
2018.02.14 23:13:52.371,13.50019,13.50238,0.00,0.00
2018.02.14 23:13:52.422,13.50068,13.50282,0.00,0.00
2018.02.14 23:13:52.473,13.50062,13.50282,0.00,0.00
2018.02.14 23:13:52.574,13.50071,13.50331,0.00,0.00
2018.02.14 23:13:52.624,13.50119,13.50331,0.00,0.00
2018.02.14 23:13:52.725,13.50098,13.50331,0.00,0.00
2018.02.14 23:13:52.835,13.50059,13.50331,0.00,0.00
2018.02.14 23:13:52.969,13.50118,13.50331,0.00,0.00
2018.02.14 23:13:53.092,13.50079,13.50331,0.00,0.00
2018.02.14 23:13:53.456,13.50108,13.50331,0.00,0.00
2018.02.14 23:13:53.507,13.50088,13.50331,0.00,0.00
2018.02.14 23:13:53.635,13.50058,13.50331,0.00,0.00
2018.02.14 23:13:55.525,13.50088,13.50331,0.00,0.00
2018.02.14 23:13:56.114,13.50128,13.50331,0.00,0.00
2018.02.14 23:13:56.165,13.50152,13.50382,0.00,0.00
2018.02.14 23:13:56.270,13.50152,13.50432,0.00,0.00
2018.02.14 23:13:56.321,13.50229,13.50432,0.00,0.00
2018.02.14 23:13:56.527,13.50208,13.50431,0.00,0.00
2018.02.14 23:13:56.578,13.50182,13.50431,0.00,0.00
2018.02.14 23:13:56.628,13.50208,13.50431,0.00,0.00
2018.02.14 23:13:56.847,13.50179,13.50431,0.00,0.00
2018.02.14 23:13:56.898,13.50148,13.50431,0.00,0.00
2018.02.14 23:13:57.820,13.50229,13.50431,0.00,0.00
2018.02.14 23:13:58.142,13.50218,13.50431,0.00,0.00
2018.02.14 23:14:00.063,13.50238,13.50431,0.00,0.00
2018.02.14 23:14:01.183,13.50238,13.50432,0.00,0.00
2018.02.14 23:14:04.990,13.50219,13.50432,0.00,0.00
2018.02.14 23:14:05.041,13.50232,13.50432,0.00,0.00
2018.02.14 23:14:05.143,13.50219,13.50432,0.00,0.00
2018.02.14 23:14:06.914,13.50238,13.50432,0.00,0.00
2018.02.14 23:14:06.964,13.50192,13.50432,0.00,0.00
2018.02.14 23:14:07.399,13.50238,13.50432,0.00,0.00
2018.02.14 23:14:07.449,13.50179,13.50432,0.00,0.00
2018.02.14 23:14:07.586,13.50209,13.50432,0.00,0.00
2018.02.14 23:14:08.165,13.50228,13.50432,0.00,0.00
2018.02.14 23:14:10.204,13.50209,13.50432,0.00,0.00
2018.02.14 23:14:11.408,13.50228,13.50432,0.00,0.00
2018.02.14 23:14:15.055,13.50209,13.50432,0.00,0.00
2018.02.14 23:14:15.156,13.50221,13.50482,0.00,0.00
2018.02.14 23:14:15.207,13.50241,13.50482,0.00,0.00
2018.02.14 23:14:15.672,13.50221,13.50481,0.00,0.00
2018.02.14 23:14:15.844,13.50201,13.50432,0.00,0.00
2018.02.14 23:14:16.169,13.50239,13.50432,0.00,0.00
2018.02.14 23:14:16.829,13.50278,13.50531,0.00,0.00
2018.02.14 23:14:16.880,13.50282,13.50531,0.00,0.00
2018.02.14 23:14:17.416,13.50291,13.50531,0.00,0.00
2018.02.14 23:14:17.571,13.50278,13.50531,0.00,0.00
2018.02.14 23:14:17.917,13.50328,13.50531,0.00,0.00
2018.02.14 23:14:18.019,13.50271,13.50531,0.00,0.00
2018.02.14 23:14:18.206,13.50258,13.50531,0.00,0.00
2018.02.14 23:14:20.083,13.50318,13.50531,0.00,0.00
2018.02.14 23:14:21.621,13.50278,13.50531,0.00,0.00
2018.02.14 23:14:22.164,13.50318,13.50531,0.00,0.00
2018.02.14 23:14:22.592,13.50289,13.50531,0.00,0.00
2018.02.14 23:14:23.412,13.50309,13.50531,0.00,0.00
2018.02.14 23:14:25.132,13.50212,13.50431,0.00,0.00
2018.02.14 23:14:25.283,13.49992,13.50238,0.00,0.00
2018.02.14 23:14:25.334,13.49981,13.50239,0.00,0.00
2018.02.14 23:14:25.385,13.49981,13.50231,0.00,0.00
2018.02.14 23:14:25.486,13.49971,13.50231,0.00,0.00
2018.02.14 23:14:25.770,13.50039,13.50231,0.00,0.00
2018.02.14 23:14:25.822,13.50001,13.50231,0.00,0.00
2018.02.14 23:14:25.873,13.50011,13.50231,0.00,0.00
2018.02.14 23:14:25.974,13.50082,13.50332,0.00,0.00
2018.02.14 23:14:26.025,13.50092,13.50332,0.00,0.00
2018.02.14 23:14:26.126,13.50121,13.50382,0.00,0.00
2018.02.14 23:14:26.667,13.50138,13.50381,0.00,0.00
2018.02.14 23:14:26.769,13.50138,13.50391,0.00,0.00
2018.02.14 23:14:26.948,13.50198,13.50391,0.00,0.00
2018.02.14 23:14:26.999,13.50222,13.50502,0.00,0.00
2018.02.14 23:14:27.050,13.50228,13.50502,0.00,0.00
2018.02.14 23:14:27.100,13.50228,13.50522,0.00,0.00
2018.02.14 23:14:27.576,13.50212,13.50501,0.00,0.00
2018.02.14 23:14:27.628,13.50181,13.50471,0.00,0.00
2018.02.14 23:14:30.085,13.50228,13.50471,0.00,0.00
2018.02.14 23:14:30.242,13.50232,13.50502,0.00,0.00
2018.02.14 23:14:30.293,13.50202,13.50481,0.00,0.00
2018.02.14 23:14:30.592,13.50181,13.50481,0.00,0.00
2018.02.14 23:14:31.130,13.50228,13.50511,0.00,0.00
2018.02.14 23:14:31.447,13.50278,13.50511,0.00,0.00
2018.02.14 23:14:31.498,13.50278,13.50532,0.00,0.00
2018.02.14 23:14:31.599,13.50248,13.50532,0.00,0.00
2018.02.14 23:14:32.067,13.50288,13.50532,0.00,0.00
2018.02.14 23:14:32.168,13.50259,13.50532,0.00,0.00
2018.02.14 23:14:32.681,13.50238,13.50532,0.00,0.00
2018.02.14 23:14:32.782,13.50208,13.50532,0.00,0.00
2018.02.14 23:14:32.937,13.50238,13.50532,0.00,0.00
2018.02.14 23:14:34.049,13.50211,13.50532,0.00,0.00
2018.02.14 23:14:34.576,13.50209,13.50532,0.00,0.00
2018.02.14 23:14:34.804,13.50138,13.50408,0.00,0.00
2018.02.14 23:14:34.905,13.50061,13.50382,0.00,0.00
2018.02.14 23:14:35.368,13.50109,13.50378,0.00,0.00
2018.02.14 23:14:35.419,13.50048,13.50378,0.00,0.00
2018.02.14 23:14:35.469,13.50048,13.50351,0.00,0.00
2018.02.14 23:14:35.794,13.50119,13.50351,0.00,0.00
2018.02.14 23:14:35.845,13.50078,13.50362,0.00,0.00
2018.02.14 23:14:35.911,13.50091,13.50362,0.00,0.00
2018.02.14 23:14:36.638,13.50091,13.50361,0.00,0.00
2018.02.14 23:14:37.082,13.50071,13.50361,0.00,0.00
2018.02.14 23:14:39.510,13.50071,13.50362,0.00,0.00
2018.02.14 23:14:40.083,13.50128,13.50362,0.00,0.00
2018.02.14 23:14:40.543,13.50108,13.50362,0.00,0.00
2018.02.14 23:14:40.716,13.50128,13.50362,0.00,0.00
2018.02.14 23:14:43.017,13.50108,13.50362,0.00,0.00
2018.02.14 23:14:43.068,13.50071,13.50362,0.00,0.00
2018.02.14 23:14:43.153,13.50051,13.50362,0.00,0.00
2018.02.14 23:14:43.360,13.50128,13.50362,0.00,0.00
2018.02.14 23:14:43.410,13.50039,13.50342,0.00,0.00
2018.02.14 23:14:43.461,13.50042,13.50342,0.00,0.00
2018.02.14 23:14:45.430,13.50129,13.50342,0.00,0.00
2018.02.14 23:14:45.481,13.50049,13.50342,0.00,0.00
2018.02.14 23:14:48.524,13.50118,13.50342,0.00,0.00
2018.02.14 23:14:48.807,13.50118,13.50351,0.00,0.00
2018.02.14 23:14:48.859,13.50092,13.50351,0.00,0.00
2018.02.14 23:14:50.083,13.50128,13.50351,0.00,0.00
2018.02.14 23:14:51.199,13.50098,13.50351,0.00,0.00
2018.02.14 23:14:53.967,13.50128,13.50351,0.00,0.00
2018.02.14 23:14:54.357,13.50091,13.50351,0.00,0.00
2018.02.14 23:14:54.458,13.50111,13.50382,0.00,0.00
2018.02.14 23:14:54.578,13.50131,13.50382,0.00,0.00
2018.02.14 23:14:56.908,13.50128,13.50382,0.00,0.00
2018.02.14 23:14:57.927,13.50098,13.50382,0.00,0.00
2018.02.14 23:14:58.354,13.50081,13.50382,0.00,0.00
2018.02.14 23:14:58.587,13.50129,13.50382,0.00,0.00
2018.02.14 23:14:58.688,13.50061,13.50351,0.00,0.00
2018.02.14 23:14:59.608,13.50128,13.50351,0.00,0.00
2018.02.14 23:14:59.676,13.50068,13.50351,0.00,0.00
2018.02.14 23:15:00.084,13.50128,13.50351,0.00,0.00
2018.02.14 23:15:01.425,13.50082,13.50361,0.00,0.00
2018.02.14 23:15:01.475,13.50128,13.50381,0.00,0.00
2018.02.14 23:15:01.914,13.50121,13.50382,0.00,0.00
2018.02.14 23:15:02.690,13.50128,13.50382,0.00,0.00
2018.02.14 23:15:02.892,13.50161,13.50461,0.00,0.00
2018.02.14 23:15:03.197,13.50208,13.50461,0.00,0.00
2018.02.14 23:15:03.247,13.50181,13.50471,0.00,0.00
2018.02.14 23:15:03.683,13.50218,13.50482,0.00,0.00
2018.02.14 23:15:03.784,13.50218,13.50521,0.00,0.00
2018.02.14 23:15:04.119,13.50318,13.50522,0.00,0.00
2018.02.14 23:15:04.170,13.50318,13.50552,0.00,0.00
2018.02.14 23:15:04.221,13.50281,13.50562,0.00,0.00
2018.02.14 23:15:04.490,13.50319,13.50562,0.00,0.00
2018.02.14 23:15:04.540,13.50301,13.50592,0.00,0.00
2018.02.14 23:15:05.248,13.50328,13.50592,0.00,0.00
2018.02.14 23:15:07.946,13.50282,13.50592,0.00,0.00
2018.02.14 23:15:08.373,13.50301,13.50639,0.00,0.00
2018.02.14 23:15:08.474,13.50351,13.50652,0.00,0.00
2018.02.14 23:15:08.771,13.50299,13.50622,0.00,0.00
2018.02.14 23:15:08.822,13.50271,13.50582,0.00,0.00
2018.02.14 23:15:08.923,13.50261,13.50582,0.00,0.00
2018.02.14 23:15:09.331,13.50319,13.50582,0.00,0.00
2018.02.14 23:15:09.382,13.50241,13.50579,0.00,0.00
2018.02.14 23:15:10.057,13.50318,13.50579,0.00,0.00
2018.02.14 23:15:10.108,13.50318,13.50582,0.00,0.00
2018.02.14 23:15:10.775,13.50298,13.50582,0.00,0.00
2018.02.14 23:15:11.338,13.50318,13.50582,0.00,0.00
2018.02.14 23:15:11.541,13.50261,13.50582,0.00,0.00
2018.02.14 23:15:13.716,13.50328,13.50582,0.00,0.00
2018.02.14 23:15:14.033,13.50289,13.50582,0.00,0.00
2018.02.14 23:15:17.342,13.50289,13.50578,0.00,0.00
2018.02.14 23:15:17.393,13.50251,13.50579,0.00,0.00
2018.02.14 23:15:17.771,13.50328,13.50579,0.00,0.00
2018.02.14 23:15:17.822,13.50328,13.50582,0.00,0.00
2018.02.14 23:15:18.431,13.50281,13.50582,0.00,0.00
2018.02.14 23:15:18.876,13.50319,13.50582,0.00,0.00
2018.02.14 23:15:18.978,13.50281,13.50582,0.00,0.00
2018.02.14 23:15:19.052,13.50301,13.50582,0.00,0.00
2018.02.14 23:15:19.153,13.50302,13.50602,0.00,0.00
2018.02.14 23:15:19.336,13.50321,13.50602,0.00,0.00
2018.02.14 23:15:20.084,13.50328,13.50602,0.00,0.00
2018.02.14 23:15:20.625,13.50298,13.50602,0.00,0.00
2018.02.14 23:15:20.677,13.50292,13.50602,0.00,0.00
2018.02.14 23:15:20.891,13.50352,13.50641,0.00,0.00
2018.02.14 23:15:21.197,13.50198,13.50502,0.00,0.00
2018.02.14 23:15:21.863,13.50191,13.50502,0.00,0.00
2018.02.14 23:15:21.992,13.50209,13.50498,0.00,0.00
2018.02.14 23:15:22.553,13.50231,13.50492,0.00,0.00
2018.02.14 23:15:23.264,13.50229,13.50492,0.00,0.00
2018.02.14 23:15:23.314,13.50211,13.50472,0.00,0.00
2018.02.14 23:15:23.365,13.50191,13.50472,0.00,0.00
2018.02.14 23:15:23.595,13.50239,13.50512,0.00,0.00
2018.02.14 23:15:24.203,13.50242,13.50512,0.00,0.00
2018.02.14 23:15:29.783,13.50252,13.50512,0.00,0.00
2018.02.14 23:15:29.985,13.50238,13.50511,0.00,0.00
2018.02.14 23:15:30.035,13.50241,13.50511,0.00,0.00
2018.02.14 23:15:30.315,13.50232,13.50511,0.00,0.00
2018.02.14 23:15:31.136,13.50211,13.50512,0.00,0.00
2018.02.14 23:15:31.237,13.50191,13.50512,0.00,0.00
2018.02.14 23:15:36.259,13.50229,13.50512,0.00,0.00
2018.02.14 23:15:36.518,13.50211,13.50512,0.00,0.00
2018.02.14 23:15:36.619,13.50171,13.50492,0.00,0.00
2018.02.14 23:15:36.678,13.50198,13.50492,0.00,0.00
2018.02.14 23:15:37.435,13.50199,13.50492,0.00,0.00
2018.02.14 23:15:38.224,13.50172,13.50492,0.00,0.00
2018.02.14 23:15:38.355,13.50168,13.50421,0.00,0.00
2018.02.14 23:15:38.406,13.50191,13.50462,0.00,0.00
2018.02.14 23:15:38.508,13.50242,13.50522,0.00,0.00
2018.02.14 23:15:38.609,13.50252,13.50522,0.00,0.00
2018.02.14 23:15:38.953,13.50372,13.50641,0.00,0.00
2018.02.14 23:15:39.285,13.50419,13.50642,0.00,0.00
2018.02.14 23:15:39.795,13.50389,13.50642,0.00,0.00
2018.02.14 23:15:39.845,13.50409,13.50642,0.00,0.00
2018.02.14 23:15:39.896,13.50362,13.50642,0.00,0.00
2018.02.14 23:15:39.947,13.50502,13.50751,0.00,0.00
2018.02.14 23:15:40.404,13.50529,13.50751,0.00,0.00
2018.02.14 23:15:41.042,13.50512,13.50751,0.00,0.00
2018.02.14 23:15:41.143,13.50472,13.50751,0.00,0.00
2018.02.14 23:15:41.251,13.50529,13.50751,0.00,0.00
2018.02.14 23:15:42.213,13.50521,13.50762,0.00,0.00
2018.02.14 23:15:42.340,13.50531,13.50762,0.00,0.00
2018.02.14 23:15:43.047,13.50531,13.50761,0.00,0.00
2018.02.14 23:15:43.754,13.50528,13.50761,0.00,0.00
2018.02.14 23:15:44.193,13.50521,13.50761,0.00,0.00
2018.02.14 23:15:44.695,13.50522,13.50761,0.00,0.00
2018.02.14 23:15:45.234,13.50502,13.50761,0.00,0.00
2018.02.14 23:15:47.953,13.50411,13.50722,0.00,0.00
2018.02.14 23:15:48.004,13.50411,13.50692,0.00,0.00
2018.02.14 23:15:48.055,13.50398,13.50692,0.00,0.00
2018.02.14 23:15:48.106,13.50381,13.50662,0.00,0.00
2018.02.14 23:15:48.207,13.50331,13.50662,0.00,0.00
2018.02.14 23:15:48.258,13.50332,13.50642,0.00,0.00
2018.02.14 23:15:48.657,13.50338,13.50642,0.00,0.00
2018.02.14 23:15:49.004,13.50421,13.50682,0.00,0.00
2018.02.14 23:15:49.954,13.50418,13.50682,0.00,0.00
2018.02.14 23:15:51.718,13.50399,13.50682,0.00,0.00
2018.02.14 23:15:51.921,13.50411,13.50682,0.00,0.00
2018.02.14 23:15:52.061,13.50399,13.50682,0.00,0.00
2018.02.14 23:15:53.102,13.50322,13.50611,0.00,0.00
2018.02.14 23:15:53.153,13.50331,13.50672,0.00,0.00
2018.02.14 23:15:53.203,13.50371,13.50672,0.00,0.00
2018.02.14 23:15:53.254,13.50399,13.50708,0.00,0.00
2018.02.14 23:15:53.304,13.50418,13.50692,0.00,0.00
2018.02.14 23:15:55.176,13.50412,13.50692,0.00,0.00
2018.02.14 23:15:56.336,13.50419,13.50692,0.00,0.00
2018.02.14 23:15:56.387,13.50402,13.50692,0.00,0.00
2018.02.14 23:15:56.911,13.50401,13.50692,0.00,0.00
2018.02.14 23:15:56.999,13.50418,13.50692,0.00,0.00
2018.02.14 23:15:57.151,13.50402,13.50692,0.00,0.00
2018.02.14 23:15:58.773,13.50419,13.50692,0.00,0.00
2018.02.14 23:15:58.824,13.50391,13.50692,0.00,0.00
2018.02.14 23:15:59.986,13.50418,13.50692,0.00,0.00
2018.02.14 23:16:00.087,13.50392,13.50692,0.00,0.00
2018.02.14 23:16:00.138,13.50409,13.50692,0.00,0.00
2018.02.14 23:16:00.289,13.50392,13.50692,0.00,0.00
2018.02.14 23:16:01.320,13.50408,13.50692,0.00,0.00
2018.02.14 23:16:01.573,13.50322,13.50612,0.00,0.00
2018.02.14 23:16:02.720,13.50321,13.50612,0.00,0.00
2018.02.14 23:16:05.135,13.50288,13.50582,0.00,0.00
2018.02.14 23:16:05.186,13.50291,13.50582,0.00,0.00
2018.02.14 23:16:05.533,13.50331,13.50601,0.00,0.00
2018.02.14 23:16:05.634,13.50322,13.50601,0.00,0.00
2018.02.14 23:16:05.912,13.50301,13.50601,0.00,0.00
2018.02.14 23:16:06.202,13.50291,13.50601,0.00,0.00
2018.02.14 23:16:06.717,13.50308,13.50601,0.00,0.00
2018.02.14 23:16:06.869,13.50248,13.50542,0.00,0.00
2018.02.14 23:16:06.920,13.50298,13.50572,0.00,0.00
2018.02.14 23:16:06.971,13.50292,13.50572,0.00,0.00
2018.02.14 23:16:07.022,13.50281,13.50572,0.00,0.00
2018.02.14 23:16:09.232,13.50291,13.50572,0.00,0.00
2018.02.14 23:16:09.833,13.50311,13.50572,0.00,0.00
2018.02.14 23:16:09.886,13.50311,13.50619,0.00,0.00
2018.02.14 23:16:10.211,13.50311,13.50629,0.00,0.00
2018.02.14 23:16:10.773,13.50312,13.50628,0.00,0.00
2018.02.14 23:16:14.869,13.50309,13.50618,0.00,0.00
2018.02.14 23:16:15.121,13.50298,13.50608,0.00,0.00
2018.02.14 23:16:15.726,13.50298,13.50609,0.00,0.00
2018.02.14 23:16:16.884,13.50298,13.50608,0.00,0.00
2018.02.14 23:16:16.935,13.50298,13.50589,0.00,0.00
2018.02.14 23:16:17.513,13.50298,13.50569,0.00,0.00
2018.02.14 23:16:20.743,13.50298,13.50548,0.00,0.00
2018.02.14 23:16:21.331,13.50298,13.50588,0.00,0.00
2018.02.14 23:16:29.411,13.50299,13.50588,0.00,0.00
2018.02.14 23:16:35.329,13.50351,13.50589,0.00,0.00
2018.02.14 23:16:35.391,13.50352,13.50618,0.00,0.00
2018.02.14 23:16:36.209,13.50351,13.50619,0.00,0.00
2018.02.14 23:16:38.090,13.50352,13.50628,0.00,0.00
2018.02.14 23:16:38.616,13.50351,13.50629,0.00,0.00
2018.02.14 23:16:39.392,13.50351,13.50619,0.00,0.00
2018.02.14 23:16:41.131,13.50351,13.50629,0.00,0.00
2018.02.14 23:16:45.748,13.50361,13.50629,0.00,0.00
2018.02.14 23:16:46.536,13.50362,13.50628,0.00,0.00
2018.02.14 23:16:57.292,13.50351,13.50629,0.00,0.00
2018.02.14 23:16:58.730,13.50352,13.50618,0.00,0.00
2018.02.14 23:17:00.409,13.50422,13.50628,0.00,0.00
2018.02.14 23:17:00.746,13.50352,13.50628,0.00,0.00
2018.02.14 23:17:01.154,13.50351,13.50609,0.00,0.00
2018.02.14 23:17:02.011,13.50351,13.50599,0.00,0.00
2018.02.14 23:17:02.112,13.50351,13.50629,0.00,0.00
2018.02.14 23:17:04.504,13.50352,13.50618,0.00,0.00
2018.02.14 23:17:05.452,13.50352,13.50628,0.00,0.00
2018.02.14 23:17:05.663,13.50421,13.50629,0.00,0.00
2018.02.14 23:17:05.801,13.50452,13.50662,0.00,0.00
2018.02.14 23:17:07.200,13.50442,13.50662,0.00,0.00
2018.02.14 23:17:07.352,13.50351,13.50649,0.00,0.00
2018.02.14 23:17:07.402,13.50351,13.50629,0.00,0.00
2018.02.14 23:17:08.139,13.50352,13.50628,0.00,0.00
2018.02.14 23:17:08.799,13.50351,13.50629,0.00,0.00
2018.02.14 23:17:20.922,13.50442,13.50658,0.00,0.00
2018.02.14 23:17:20.974,13.50441,13.50689,0.00,0.00
2018.02.14 23:17:21.075,13.50351,13.50579,0.00,0.00
2018.02.14 23:17:21.403,13.50352,13.50528,0.00,0.00
2018.02.14 23:17:22.066,13.50351,13.50529,0.00,0.00
2018.02.14 23:17:22.197,13.50351,13.50562,0.00,0.00
2018.02.14 23:17:22.298,13.50351,13.50579,0.00,0.00
2018.02.14 23:17:22.568,13.50351,13.50572,0.00,0.00
2018.02.14 23:17:23.562,13.50352,13.50572,0.00,0.00
2018.02.14 23:17:23.613,13.50352,13.50598,0.00,0.00
2018.02.14 23:17:23.714,13.50352,13.50618,0.00,0.00
2018.02.14 23:17:23.815,13.50351,13.50622,0.00,0.00
2018.02.14 23:17:25.149,13.50352,13.50628,0.00,0.00
2018.02.14 23:17:25.708,13.50351,13.50629,0.00,0.00
2018.02.14 23:17:29.200,13.50452,13.50712,0.00,0.00
2018.02.14 23:17:29.402,13.50452,13.50752,0.00,0.00
2018.02.14 23:17:29.503,13.50521,13.50752,0.00,0.00
2018.02.14 23:17:30.141,13.50542,13.50752,0.00,0.00
2018.02.14 23:17:30.661,13.50541,13.50752,0.00,0.00
2018.02.14 23:17:31.746,13.50541,13.50761,0.00,0.00
2018.02.14 23:17:32.090,13.50551,13.50761,0.00,0.00
2018.02.14 23:17:32.643,13.50552,13.50761,0.00,0.00
2018.02.14 23:17:33.074,13.50452,13.50761,0.00,0.00
2018.02.14 23:17:33.124,13.50452,13.50728,0.00,0.00
2018.02.14 23:17:38.949,13.50451,13.50719,0.00,0.00
2018.02.14 23:17:40.220,13.50452,13.50708,0.00,0.00
2018.02.14 23:17:41.568,13.50452,13.50722,0.00,0.00
2018.02.14 23:17:41.681,13.50452,13.50718,0.00,0.00
2018.02.14 23:17:43.487,13.50451,13.50722,0.00,0.00
2018.02.14 23:17:52.780,13.50441,13.50629,0.00,0.00
2018.02.14 23:17:53.497,13.50442,13.50628,0.00,0.00
2018.02.14 23:17:53.548,13.50351,13.50629,0.00,0.00
2018.02.14 23:17:54.762,13.50442,13.50628,0.00,0.00
2018.02.14 23:17:54.813,13.50441,13.50659,0.00,0.00
2018.02.14 23:17:54.864,13.50441,13.50661,0.00,0.00
2018.02.14 23:17:56.848,13.50352,13.50628,0.00,0.00
2018.02.14 23:17:57.001,13.50351,13.50609,0.00,0.00
2018.02.14 23:17:57.305,13.50351,13.50599,0.00,0.00
2018.02.14 23:17:58.632,13.50351,13.50619,0.00,0.00
2018.02.14 23:17:58.761,13.50351,13.50629,0.00,0.00
2018.02.14 23:17:58.862,13.50352,13.50618,0.00,0.00
2018.02.14 23:17:59.489,13.50351,13.50629,0.00,0.00
2018.02.14 23:17:59.651,13.50422,13.50628,0.00,0.00
2018.02.14 23:17:59.803,13.50352,13.50628,0.00,0.00
2018.02.14 23:18:00.427,13.50351,13.50629,0.00,0.00
2018.02.14 23:18:07.076,13.50451,13.50672,0.00,0.00
2018.02.14 23:18:07.730,13.50452,13.50672,0.00,0.00
2018.02.14 23:18:09.151,13.50441,13.50672,0.00,0.00
2018.02.14 23:18:09.202,13.50442,13.50652,0.00,0.00
2018.02.14 23:18:09.253,13.50351,13.50652,0.00,0.00
2018.02.14 23:18:09.355,13.50421,13.50629,0.00,0.00
2018.02.14 23:18:10.220,13.50452,13.50661,0.00,0.00
2018.02.14 23:18:10.981,13.50451,13.50661,0.00,0.00
2018.02.14 23:18:12.779,13.50441,13.50661,0.00,0.00
2018.02.14 23:18:13.147,13.50352,13.50628,0.00,0.00
2018.02.14 23:18:13.248,13.50442,13.50661,0.00,0.00
2018.02.14 23:18:15.930,13.50452,13.50702,0.00,0.00
2018.02.14 23:18:16.196,13.50451,13.50679,0.00,0.00
2018.02.14 23:18:17.677,13.50351,13.50659,0.00,0.00
2018.02.14 23:18:17.727,13.50351,13.50629,0.00,0.00
2018.02.14 23:18:18.388,13.50452,13.50662,0.00,0.00
2018.02.14 23:18:18.903,13.50452,13.50672,0.00,0.00
2018.02.14 23:18:19.673,13.50451,13.50672,0.00,0.00
2018.02.14 23:18:20.737,13.50441,13.50672,0.00,0.00
2018.02.14 23:18:21.101,13.50422,13.50658,0.00,0.00
2018.02.14 23:18:21.744,13.50441,13.50659,0.00,0.00
2018.02.14 23:18:27.366,13.50441,13.50669,0.00,0.00
2018.02.14 23:18:27.450,13.50442,13.50672,0.00,0.00
2018.02.14 23:18:29.690,13.50451,13.50672,0.00,0.00
2018.02.14 23:18:34.525,13.50452,13.50672,0.00,0.00
2018.02.14 23:18:34.576,13.50451,13.50729,0.00,0.00
2018.02.14 23:18:35.098,13.50461,13.50729,0.00,0.00
2018.02.14 23:18:35.149,13.50451,13.50729,0.00,0.00
2018.02.14 23:18:35.899,13.50452,13.50728,0.00,0.00
2018.02.14 23:18:37.204,13.50452,13.50758,0.00,0.00
2018.02.14 23:18:37.255,13.50461,13.50772,0.00,0.00
2018.02.14 23:18:37.502,13.50461,13.50729,0.00,0.00
2018.02.14 23:18:39.301,13.50451,13.50729,0.00,0.00
2018.02.14 23:18:39.352,13.50521,13.50749,0.00,0.00
2018.02.14 23:18:39.430,13.50521,13.50779,0.00,0.00
2018.02.14 23:18:40.098,13.50521,13.50729,0.00,0.00
2018.02.14 23:18:40.634,13.50522,13.50728,0.00,0.00
2018.02.14 23:18:42.052,13.50521,13.50729,0.00,0.00
2018.02.14 23:18:42.615,13.50522,13.50728,0.00,0.00
2018.02.14 23:18:45.110,13.50521,13.50729,0.00,0.00
2018.02.14 23:18:50.549,13.50522,13.50728,0.00,0.00
2018.02.14 23:18:51.139,13.50521,13.50769,0.00,0.00
2018.02.14 23:18:51.331,13.50522,13.50792,0.00,0.00
2018.02.14 23:18:51.506,13.50521,13.50729,0.00,0.00
2018.02.14 23:18:52.247,13.50522,13.50728,0.00,0.00
2018.02.14 23:18:54.279,13.50521,13.50729,0.00,0.00
2018.02.14 23:18:57.587,13.50452,13.50728,0.00,0.00
2018.02.14 23:18:58.408,13.50451,13.50729,0.00,0.00
2018.02.14 23:18:59.183,13.50452,13.50728,0.00,0.00
2018.02.14 23:18:59.983,13.50451,13.50729,0.00,0.00
2018.02.14 23:19:00.640,13.50542,13.50728,0.00,0.00
2018.02.14 23:19:01.164,13.50541,13.50729,0.00,0.00
2018.02.14 23:19:01.702,13.50552,13.50778,0.00,0.00
2018.02.14 23:19:02.300,13.50552,13.50781,0.00,0.00
2018.02.14 23:19:02.630,13.50552,13.50808,0.00,0.00
2018.02.14 23:19:02.681,13.50551,13.50819,0.00,0.00
2018.02.14 23:19:04.165,13.50551,13.50829,0.00,0.00
2018.02.14 23:19:04.338,13.50551,13.50819,0.00,0.00
2018.02.14 23:19:04.982,13.50552,13.50818,0.00,0.00
2018.02.14 23:19:07.329,13.50551,13.50799,0.00,0.00
2018.02.14 23:19:08.095,13.50552,13.50798,0.00,0.00
2018.02.14 23:19:08.366,13.50551,13.50819,0.00,0.00
2018.02.14 23:19:11.445,13.50541,13.50729,0.00,0.00
2018.02.14 23:19:11.546,13.50372,13.50658,0.00,0.00
2018.02.14 23:19:11.670,13.50452,13.50658,0.00,0.00
2018.02.14 23:19:11.721,13.50451,13.50699,0.00,0.00
2018.02.14 23:19:11.772,13.50451,13.50712,0.00,0.00
2018.02.14 23:19:12.385,13.50452,13.50712,0.00,0.00
2018.02.14 23:19:12.765,13.50451,13.50709,0.00,0.00
2018.02.14 23:19:13.298,13.50451,13.50742,0.00,0.00
2018.02.14 23:19:13.400,13.50451,13.50729,0.00,0.00
2018.02.14 23:19:14.058,13.50452,13.50728,0.00,0.00
2018.02.14 23:19:15.079,13.50451,13.50729,0.00,0.00
2018.02.14 23:19:15.710,13.50452,13.50728,0.00,0.00
2018.02.14 23:19:16.101,13.50462,13.50728,0.00,0.00
2018.02.14 23:19:16.699,13.50461,13.50729,0.00,0.00
2018.02.14 23:19:17.082,13.50451,13.50729,0.00,0.00
2018.02.14 23:19:22.150,13.50461,13.50729,0.00,0.00
2018.02.14 23:19:22.722,13.50541,13.50782,0.00,0.00
2018.02.14 23:19:22.772,13.50541,13.50789,0.00,0.00
2018.02.14 23:19:22.873,13.50541,13.50819,0.00,0.00
2018.02.14 23:19:28.641,13.50491,13.50809,0.00,0.00
2018.02.14 23:19:28.691,13.50462,13.50728,0.00,0.00
2018.02.14 23:19:28.781,13.50451,13.50729,0.00,0.00
2018.02.14 23:19:28.832,13.50269,13.50569,0.00,0.00
2018.02.14 23:19:28.933,13.50341,13.50592,0.00,0.00
2018.02.14 23:19:28.984,13.50341,13.50609,0.00,0.00
2018.02.14 23:19:29.035,13.50341,13.50589,0.00,0.00
2018.02.14 23:19:29.086,13.50252,13.50551,0.00,0.00
2018.02.14 23:19:29.187,13.50252,13.50528,0.00,0.00
2018.02.14 23:19:29.580,13.50252,13.50478,0.00,0.00
2018.02.14 23:19:29.630,13.50251,13.50482,0.00,0.00
2018.02.14 23:19:29.732,13.50242,13.50428,0.00,0.00
2018.02.14 23:19:29.833,13.50161,13.50429,0.00,0.00
2018.02.14 23:19:30.095,13.50151,13.50429,0.00,0.00
2018.02.14 23:19:30.409,13.50242,13.50451,0.00,0.00
2018.02.14 23:19:30.460,13.50241,13.50462,0.00,0.00
2018.02.14 23:19:30.561,13.50251,13.50501,0.00,0.00
2018.02.14 23:19:30.674,13.50252,13.50512,0.00,0.00
2018.02.14 23:19:31.439,13.50252,13.50528,0.00,0.00
2018.02.14 23:19:31.596,13.50251,13.50519,0.00,0.00
2018.02.14 23:19:33.068,13.50252,13.50528,0.00,0.00
2018.02.14 23:19:33.327,13.50351,13.50539,0.00,0.00
2018.02.14 23:19:33.377,13.50351,13.50619,0.00,0.00
2018.02.14 23:19:33.478,13.50351,13.50629,0.00,0.00
2018.02.14 23:19:34.148,13.50451,13.50679,0.00,0.00
2018.02.14 23:19:34.199,13.50452,13.50708,0.00,0.00
2018.02.14 23:19:34.300,13.50441,13.50709,0.00,0.00
2018.02.14 23:19:34.475,13.50441,13.50702,0.00,0.00
2018.02.14 23:19:34.903,13.50441,13.50679,0.00,0.00
2018.02.14 23:19:34.954,13.50451,13.50709,0.00,0.00
2018.02.14 23:19:35.573,13.50452,13.50708,0.00,0.00
2018.02.14 23:19:36.290,13.50422,13.50708,0.00,0.00
2018.02.14 23:19:36.341,13.50371,13.50629,0.00,0.00
2018.02.14 23:19:36.392,13.50352,13.50628,0.00,0.00
2018.02.14 23:19:36.443,13.50452,13.50708,0.00,0.00
2018.02.14 23:19:36.616,13.50452,13.50728,0.00,0.00
2018.02.14 23:19:37.269,13.50451,13.50729,0.00,0.00
2018.02.14 23:19:37.935,13.50452,13.50728,0.00,0.00
2018.02.14 23:19:38.190,13.50461,13.50729,0.00,0.00
2018.02.14 23:19:38.594,13.50492,13.50728,0.00,0.00
2018.02.14 23:19:39.878,13.50471,13.50729,0.00,0.00
2018.02.14 23:19:39.929,13.50451,13.50729,0.00,0.00
2018.02.14 23:19:44.585,13.50452,13.50728,0.00,0.00
2018.02.14 23:19:45.149,13.50451,13.50719,0.00,0.00
2018.02.14 23:19:45.860,13.50452,13.50718,0.00,0.00
2018.02.14 23:19:46.768,13.50451,13.50729,0.00,0.00
2018.02.14 23:19:46.819,13.50461,13.50729,0.00,0.00
2018.02.14 23:19:58.296,13.50441,13.50679,0.00,0.00
2018.02.14 23:19:58.401,13.50351,13.50629,0.00,0.00
2018.02.14 23:19:58.452,13.50361,13.50629,0.00,0.00
2018.02.14 23:19:59.591,13.50371,13.50679,0.00,0.00
2018.02.14 23:20:01.131,13.50351,13.50629,0.00,0.00
2018.02.14 23:20:04.764,13.50352,13.50628,0.00,0.00
2018.02.14 23:20:07.102,13.50362,13.50628,0.00,0.00
2018.02.14 23:20:07.318,13.50351,13.50629,0.00,0.00
2018.02.14 23:20:07.622,13.50352,13.50618,0.00,0.00
2018.02.14 23:20:07.788,13.50351,13.50629,0.00,0.00
2018.02.14 23:20:09.682,13.50352,13.50628,0.00,0.00
2018.02.14 23:20:11.851,13.50362,13.50628,0.00,0.00
2018.02.14 23:20:16.266,13.50361,13.50629,0.00,0.00
2018.02.14 23:20:17.153,13.50382,13.50628,0.00,0.00
2018.02.14 23:20:17.684,13.50352,13.50628,0.00,0.00
2018.02.14 23:20:20.280,13.50351,13.50629,0.00,0.00
2018.02.14 23:20:23.561,13.50352,13.50628,0.00,0.00
2018.02.14 23:20:24.247,13.50351,13.50629,0.00,0.00
2018.02.14 23:20:28.327,13.50351,13.50619,0.00,0.00
2018.02.14 23:20:28.862,13.50352,13.50628,0.00,0.00
2018.02.14 23:20:34.931,13.50351,13.50629,0.00,0.00
2018.02.14 23:20:35.541,13.50352,13.50628,0.00,0.00
2018.02.14 23:20:36.512,13.50351,13.50629,0.00,0.00
2018.02.14 23:20:37.184,13.50352,13.50628,0.00,0.00
2018.02.14 23:20:37.858,13.50351,13.50629,0.00,0.00
2018.02.14 23:20:38.910,13.50361,13.50629,0.00,0.00
2018.02.14 23:20:39.067,13.50352,13.50628,0.00,0.00
2018.02.14 23:20:39.220,13.50351,13.50619,0.00,0.00
2018.02.14 23:20:39.553,13.50341,13.50529,0.00,0.00
2018.02.14 23:20:40.652,13.50352,13.50528,0.00,0.00
2018.02.14 23:20:40.703,13.50351,13.50599,0.00,0.00
2018.02.14 23:20:40.755,13.50351,13.50609,0.00,0.00
2018.02.14 23:20:41.514,13.50341,13.50529,0.00,0.00
2018.02.14 23:20:41.615,13.50321,13.50529,0.00,0.00
2018.02.14 23:20:41.976,13.50341,13.50529,0.00,0.00
2018.02.14 23:20:42.751,13.50258,13.50529,0.00,0.00
2018.02.14 23:20:42.912,13.50251,13.50529,0.00,0.00
2018.02.14 23:20:46.231,13.50261,13.50529,0.00,0.00
2018.02.14 23:20:54.302,13.50252,13.50528,0.00,0.00
2018.02.14 23:20:54.353,13.50252,13.50508,0.00,0.00
2018.02.14 23:20:54.469,13.50251,13.50529,0.00,0.00
2018.02.14 23:20:59.143,13.50252,13.50528,0.00,0.00
2018.02.14 23:20:59.645,13.50251,13.50529,0.00,0.00
2018.02.14 23:21:01.645,13.50258,13.50529,0.00,0.00
2018.02.14 23:21:03.503,13.50262,13.50528,0.00,0.00
2018.02.14 23:21:03.793,13.50258,13.50528,0.00,0.00
2018.02.14 23:21:03.895,13.50252,13.50528,0.00,0.00
2018.02.14 23:21:04.133,13.50251,13.50509,0.00,0.00
2018.02.14 23:21:08.470,13.50251,13.50489,0.00,0.00
2018.02.14 23:21:09.050,13.50252,13.50508,0.00,0.00
2018.02.14 23:21:17.601,13.50251,13.50529,0.00,0.00
2018.02.14 23:21:23.780,13.50252,13.50528,0.00,0.00
2018.02.14 23:21:24.864,13.50262,13.50528,0.00,0.00
2018.02.14 23:21:24.915,13.50252,13.50528,0.00,0.00
2018.02.14 23:21:25.706,13.50251,13.50529,0.00,0.00
2018.02.14 23:21:27.810,13.50261,13.50529,0.00,0.00
2018.02.14 23:21:30.110,13.50251,13.50529,0.00,0.00
2018.02.14 23:21:33.934,13.50262,13.50528,0.00,0.00
2018.02.14 23:21:34.287,13.50291,13.50529,0.00,0.00
2018.02.14 23:21:34.624,13.50312,13.50528,0.00,0.00
2018.02.14 23:21:35.410,13.50311,13.50529,0.00,0.00
2018.02.14 23:21:38.576,13.50352,13.50608,0.00,0.00
2018.02.14 23:21:40.168,13.50351,13.50629,0.00,0.00
2018.02.14 23:21:40.766,13.50362,13.50628,0.00,0.00
2018.02.14 23:21:42.570,13.50361,13.50629,0.00,0.00
2018.02.14 23:21:42.621,13.50351,13.50629,0.00,0.00
2018.02.14 23:21:43.260,13.50352,13.50628,0.00,0.00
2018.02.14 23:21:45.780,13.50351,13.50629,0.00,0.00
2018.02.14 23:21:47.880,13.50352,13.50628,0.00,0.00
2018.02.14 23:21:48.543,13.50351,13.50629,0.00,0.00
2018.02.14 23:21:48.791,13.50262,13.50528,0.00,0.00
2018.02.14 23:21:49.108,13.50252,13.50491,0.00,0.00
2018.02.14 23:21:51.146,13.50281,13.50562,0.00,0.00
2018.02.14 23:21:51.349,13.50261,13.50562,0.00,0.00
2018.02.14 23:21:52.152,13.50282,13.50562,0.00,0.00
2018.02.14 23:21:52.911,13.50281,13.50562,0.00,0.00
2018.02.14 23:21:55.754,13.50272,13.50562,0.00,0.00
2018.02.14 23:21:56.212,13.50252,13.50548,0.00,0.00
2018.02.14 23:21:57.569,13.50281,13.50561,0.00,0.00
2018.02.14 23:21:57.669,13.50281,13.50572,0.00,0.00
2018.02.14 23:21:57.720,13.50301,13.50572,0.00,0.00
2018.02.14 23:21:58.840,13.50302,13.50572,0.00,0.00
2018.02.14 23:21:59.739,13.50351,13.50619,0.00,0.00
2018.02.14 23:21:59.941,13.50351,13.50622,0.00,0.00
2018.02.14 23:22:05.416,13.50351,13.50609,0.00,0.00
2018.02.14 23:22:05.890,13.50252,13.50578,0.00,0.00
2018.02.14 23:22:05.951,13.50261,13.50569,0.00,0.00
2018.02.14 23:22:06.497,13.50251,13.50549,0.00,0.00
2018.02.14 23:22:08.382,13.50261,13.50569,0.00,0.00
2018.02.14 23:22:08.433,13.50261,13.50562,0.00,0.00
2018.02.14 23:22:08.762,13.50351,13.50639,0.00,0.00
2018.02.14 23:22:08.813,13.50362,13.50658,0.00,0.00
2018.02.14 23:22:08.864,13.50372,13.50662,0.00,0.00
2018.02.14 23:22:09.168,13.50452,13.50702,0.00,0.00
2018.02.14 23:22:09.219,13.50382,13.50678,0.00,0.00
2018.02.14 23:22:09.321,13.50372,13.50678,0.00,0.00
2018.02.14 23:22:10.130,13.50351,13.50652,0.00,0.00
2018.02.14 23:22:10.668,13.50342,13.50578,0.00,0.00
2018.02.14 23:22:14.501,13.50322,13.50578,0.00,0.00
2018.02.14 23:22:16.262,13.50321,13.50579,0.00,0.00
2018.02.14 23:22:18.663,13.50342,13.50578,0.00,0.00
2018.02.14 23:22:18.713,13.50351,13.50599,0.00,0.00
2018.02.14 23:22:18.764,13.50351,13.50601,0.00,0.00
2018.02.14 23:22:20.861,13.50351,13.50599,0.00,0.00
2018.02.14 23:22:21.683,13.50322,13.50578,0.00,0.00
2018.02.14 23:22:21.734,13.50351,13.50582,0.00,0.00
2018.02.14 23:22:21.877,13.50352,13.50592,0.00,0.00
2018.02.14 23:22:22.572,13.50341,13.50592,0.00,0.00
2018.02.14 23:22:22.623,13.50341,13.50589,0.00,0.00
2018.02.14 23:22:22.780,13.50272,13.50588,0.00,0.00
2018.02.14 23:22:22.831,13.50262,13.50568,0.00,0.00
2018.02.14 23:22:23.158,13.50351,13.50589,0.00,0.00
2018.02.14 23:22:23.208,13.50351,13.50592,0.00,0.00
2018.02.14 23:22:27.631,13.50341,13.50592,0.00,0.00
2018.02.14 23:22:27.682,13.50341,13.50589,0.00,0.00
2018.02.14 23:22:27.733,13.50272,13.50578,0.00,0.00
2018.02.14 23:22:27.889,13.50251,13.50559,0.00,0.00
2018.02.14 23:22:28.160,13.50322,13.50578,0.00,0.00
2018.02.14 23:22:28.413,13.50351,13.50619,0.00,0.00
2018.02.14 23:22:28.970,13.50352,13.50618,0.00,0.00
2018.02.14 23:22:31.743,13.50322,13.50608,0.00,0.00
2018.02.14 23:22:31.867,13.50321,13.50579,0.00,0.00
2018.02.14 23:22:31.918,13.50251,13.50549,0.00,0.00
2018.02.14 23:22:33.123,13.50251,13.50529,0.00,0.00
2018.02.14 23:22:33.844,13.50252,13.50528,0.00,0.00
2018.02.14 23:22:34.626,13.50262,13.50568,0.00,0.00
2018.02.14 23:22:34.727,13.50252,13.50548,0.00,0.00
2018.02.14 23:22:37.781,13.50261,13.50569,0.00,0.00
2018.02.14 23:22:40.444,13.50281,13.50579,0.00,0.00
2018.02.14 23:22:40.979,13.50282,13.50578,0.00,0.00
2018.02.14 23:22:45.277,13.50371,13.50642,0.00,0.00
2018.02.14 23:22:45.347,13.50371,13.50669,0.00,0.00
2018.02.14 23:22:45.398,13.50371,13.50632,0.00,0.00
2018.02.14 23:22:45.514,13.50371,13.50639,0.00,0.00
2018.02.14 23:22:45.565,13.50371,13.50659,0.00,0.00
2018.02.14 23:22:45.667,13.50372,13.50662,0.00,0.00
2018.02.14 23:22:45.750,13.50372,13.50642,0.00,0.00
2018.02.14 23:22:45.801,13.50331,13.50619,0.00,0.00
2018.02.14 23:22:45.902,13.50291,13.50619,0.00,0.00
2018.02.14 23:22:47.381,13.50362,13.50608,0.00,0.00
2018.02.14 23:22:47.432,13.50302,13.50578,0.00,0.00
2018.02.14 23:22:47.533,13.50261,13.50559,0.00,0.00
2018.02.14 23:22:47.832,13.50271,13.50579,0.00,0.00
2018.02.14 23:22:48.494,13.50272,13.50578,0.00,0.00
2018.02.14 23:22:49.941,13.50271,13.50579,0.00,0.00
2018.02.14 23:22:50.475,13.50272,13.50578,0.00,0.00
2018.02.14 23:22:51.204,13.50362,13.50588,0.00,0.00
2018.02.14 23:22:51.255,13.50372,13.50628,0.00,0.00
2018.02.14 23:22:51.356,13.50371,13.50639,0.00,0.00
2018.02.14 23:22:53.041,13.50371,13.50662,0.00,0.00
2018.02.14 23:22:53.091,13.50381,13.50661,0.00,0.00
2018.02.14 23:22:53.920,13.50392,13.50661,0.00,0.00
2018.02.14 23:22:54.435,13.50391,13.50661,0.00,0.00
2018.02.14 23:22:55.881,13.50391,13.50671,0.00,0.00
2018.02.14 23:22:58.630,13.50411,13.50671,0.00,0.00
2018.02.14 23:22:58.680,13.50411,13.50679,0.00,0.00
2018.02.14 23:22:58.732,13.50381,13.50679,0.00,0.00
2018.02.14 23:22:59.390,13.50382,13.50678,0.00,0.00
2018.02.14 23:22:59.480,13.50401,13.50679,0.00,0.00
2018.02.14 23:23:05.137,13.50371,13.50669,0.00,0.00
2018.02.14 23:23:05.453,13.50371,13.50659,0.00,0.00
2018.02.14 23:23:08.132,13.50371,13.50669,0.00,0.00
2018.02.14 23:23:10.870,13.50471,13.50722,0.00,0.00
2018.02.14 23:23:11.021,13.50471,13.50752,0.00,0.00
2018.02.14 23:23:11.418,13.50471,13.50731,0.00,0.00
2018.02.14 23:23:11.469,13.50421,13.50719,0.00,0.00
2018.02.14 23:23:11.520,13.50471,13.50749,0.00,0.00
2018.02.14 23:23:11.952,13.50472,13.50728,0.00,0.00
2018.02.14 23:23:24.069,13.50471,13.50751,0.00,0.00
2018.02.14 23:23:24.120,13.50491,13.50751,0.00,0.00
2018.02.14 23:23:25.225,13.50472,13.50751,0.00,0.00
2018.02.14 23:23:25.275,13.50481,13.50751,0.00,0.00
2018.02.14 23:23:28.251,13.50481,13.50732,0.00,0.00
2018.02.14 23:23:28.302,13.50472,13.50728,0.00,0.00
2018.02.14 23:23:28.849,13.50471,13.50721,0.00,0.00
2018.02.14 23:23:30.083,13.50471,13.50729,0.00,0.00
2018.02.14 23:23:32.045,13.50472,13.50728,0.00,0.00
2018.02.14 23:23:35.370,13.50471,13.50729,0.00,0.00
2018.02.14 23:23:36.543,13.50472,13.50728,0.00,0.00
2018.02.14 23:23:36.869,13.50471,13.50721,0.00,0.00
2018.02.14 23:23:38.351,13.50471,13.50729,0.00,0.00
2018.02.14 23:23:39.083,13.50472,13.50728,0.00,0.00
2018.02.14 23:23:47.300,13.50471,13.50729,0.00,0.00
2018.02.14 23:23:48.049,13.50472,13.50761,0.00,0.00
2018.02.14 23:23:48.244,13.50491,13.50761,0.00,0.00
2018.02.14 23:23:48.655,13.50491,13.50742,0.00,0.00
2018.02.14 23:23:49.040,13.50491,13.50761,0.00,0.00
2018.02.14 23:23:54.790,13.50471,13.50761,0.00,0.00
2018.02.14 23:23:59.651,13.50471,13.50759,0.00,0.00
2018.02.14 23:24:03.074,13.50472,13.50758,0.00,0.00
2018.02.14 23:24:03.419,13.50472,13.50728,0.00,0.00
2018.02.14 23:24:04.218,13.50471,13.50729,0.00,0.00
2018.02.14 23:24:13.065,13.50471,13.50759,0.00,0.00
2018.02.14 23:24:15.088,13.50471,13.50751,0.00,0.00
2018.02.14 23:24:15.473,13.50471,13.50729,0.00,0.00
2018.02.14 23:24:17.353,13.50472,13.50728,0.00,0.00
2018.02.14 23:24:17.404,13.50471,13.50749,0.00,0.00
2018.02.14 23:24:17.455,13.50482,13.50761,0.00,0.00
2018.02.14 23:24:17.883,13.50471,13.50761,0.00,0.00
2018.02.14 23:24:18.990,13.50472,13.50748,0.00,0.00
2018.02.14 23:24:19.316,13.50471,13.50719,0.00,0.00
2018.02.14 23:24:24.499,13.50471,13.50739,0.00,0.00
2018.02.14 23:24:24.652,13.50491,13.50752,0.00,0.00
2018.02.14 23:24:25.189,13.50512,13.50752,0.00,0.00
2018.02.14 23:24:25.243,13.50491,13.50752,0.00,0.00
2018.02.14 23:24:25.716,13.50481,13.50752,0.00,0.00
2018.02.14 23:24:26.358,13.50501,13.50752,0.00,0.00
2018.02.14 23:24:37.410,13.50471,13.50752,0.00,0.00
2018.02.14 23:24:44.431,13.50471,13.50749,0.00,0.00
2018.02.14 23:24:45.150,13.50472,13.50752,0.00,0.00
2018.02.14 23:24:51.963,13.50471,13.50752,0.00,0.00
2018.02.14 23:24:59.353,13.50471,13.50759,0.00,0.00
2018.02.14 23:24:59.404,13.50472,13.50762,0.00,0.00
2018.02.14 23:25:04.095,13.50471,13.50749,0.00,0.00
2018.02.14 23:25:07.788,13.50471,13.50762,0.00,0.00
2018.02.14 23:25:09.232,13.50471,13.50729,0.00,0.00
2018.02.14 23:25:09.641,13.50471,13.50762,0.00,0.00
2018.02.14 23:25:13.030,13.50492,13.50762,0.00,0.00
2018.02.14 23:25:13.370,13.50472,13.50728,0.00,0.00
2018.02.14 23:25:13.710,13.50471,13.50739,0.00,0.00
2018.02.14 23:25:14.286,13.50471,13.50769,0.00,0.00
2018.02.14 23:25:14.387,13.50492,13.50771,0.00,0.00
2018.02.14 23:25:14.970,13.50491,13.50771,0.00,0.00
2018.02.14 23:25:16.808,13.50491,13.50779,0.00,0.00
2018.02.14 23:25:19.542,13.50572,13.50798,0.00,0.00
2018.02.14 23:25:19.593,13.50572,13.50848,0.00,0.00
2018.02.14 23:25:19.643,13.50572,13.50842,0.00,0.00
2018.02.14 23:25:19.694,13.50571,13.50859,0.00,0.00
2018.02.14 23:25:20.185,13.50582,13.50872,0.00,0.00
2018.02.14 23:25:20.621,13.50572,13.50858,0.00,0.00
2018.02.14 23:25:20.962,13.50571,13.50839,0.00,0.00
2018.02.14 23:25:21.549,13.50571,13.50859,0.00,0.00
2018.02.14 23:25:21.930,13.50582,13.50868,0.00,0.00
2018.02.14 23:25:23.069,13.50572,13.50858,0.00,0.00
2018.02.14 23:25:23.602,13.50571,13.50839,0.00,0.00
2018.02.14 23:25:23.703,13.50491,13.50769,0.00,0.00
2018.02.14 23:25:23.805,13.50472,13.50748,0.00,0.00
2018.02.14 23:25:24.122,13.50472,13.50738,0.00,0.00
2018.02.14 23:25:24.223,13.50472,13.50768,0.00,0.00
2018.02.14 23:25:28.033,13.50471,13.50749,0.00,0.00
2018.02.14 23:25:28.450,13.50471,13.50729,0.00,0.00
2018.02.14 23:25:28.603,13.50472,13.50738,0.00,0.00
2018.02.14 23:25:28.721,13.50471,13.50771,0.00,0.00
2018.02.14 23:25:28.872,13.50481,13.50771,0.00,0.00
2018.02.14 23:25:30.252,13.50472,13.50771,0.00,0.00
2018.02.14 23:25:30.303,13.50481,13.50771,0.00,0.00
2018.02.14 23:25:32.116,13.50502,13.50778,0.00,0.00
2018.02.14 23:25:33.614,13.50461,13.50711,0.00,0.00
2018.02.14 23:25:33.733,13.50471,13.50759,0.00,0.00
2018.02.14 23:25:33.936,13.50471,13.50729,0.00,0.00
2018.02.14 23:25:34.037,13.50471,13.50739,0.00,0.00
2018.02.14 23:25:34.290,13.50461,13.50709,0.00,0.00
2018.02.14 23:25:34.592,13.50441,13.50669,0.00,0.00
2018.02.14 23:25:35.221,13.50442,13.50668,0.00,0.00
2018.02.14 23:25:35.311,13.50379,13.50628,0.00,0.00
2018.02.14 23:25:35.413,13.50471,13.50679,0.00,0.00
2018.02.14 23:25:35.464,13.50471,13.50699,0.00,0.00
2018.02.14 23:25:35.565,13.50471,13.50719,0.00,0.00
2018.02.14 23:25:35.741,13.50472,13.50738,0.00,0.00
2018.02.14 23:25:36.476,13.50471,13.50739,0.00,0.00
2018.02.14 23:25:38.304,13.50471,13.50719,0.00,0.00
2018.02.14 23:25:38.758,13.50441,13.50679,0.00,0.00
2018.02.14 23:25:38.972,13.50461,13.50719,0.00,0.00
2018.02.14 23:25:40.271,13.50471,13.50719,0.00,0.00
2018.02.14 23:25:40.322,13.50471,13.50721,0.00,0.00
2018.02.14 23:25:40.523,13.50472,13.50718,0.00,0.00
2018.02.14 23:25:41.097,13.50471,13.50719,0.00,0.00
2018.02.14 23:25:42.532,13.50462,13.50718,0.00,0.00
2018.02.14 23:25:42.582,13.50462,13.50698,0.00,0.00
2018.02.14 23:25:43.848,13.50442,13.50678,0.00,0.00
2018.02.14 23:25:44.120,13.50378,13.50669,0.00,0.00
2018.02.14 23:25:44.170,13.50378,13.50648,0.00,0.00
2018.02.14 23:25:45.438,13.50398,13.50648,0.00,0.00
2018.02.14 23:25:46.049,13.50441,13.50689,0.00,0.00
2018.02.14 23:25:48.756,13.50462,13.50702,0.00,0.00
2018.02.14 23:25:48.807,13.50441,13.50702,0.00,0.00
2018.02.14 23:25:48.980,13.50441,13.50679,0.00,0.00
2018.02.14 23:25:49.960,13.50381,13.50679,0.00,0.00
2018.02.14 23:25:50.232,13.50398,13.50679,0.00,0.00
2018.02.14 23:25:50.686,13.50442,13.50678,0.00,0.00
2018.02.14 23:25:52.811,13.50398,13.50679,0.00,0.00
2018.02.14 23:25:52.862,13.50381,13.50679,0.00,0.00
2018.02.14 23:25:54.121,13.50398,13.50679,0.00,0.00
2018.02.14 23:25:54.720,13.50442,13.50678,0.00,0.00
2018.02.14 23:25:55.172,13.50441,13.50699,0.00,0.00
2018.02.14 23:25:58.543,13.50462,13.50698,0.00,0.00
2018.02.14 23:25:58.594,13.50461,13.50701,0.00,0.00
2018.02.14 23:26:00.495,13.50472,13.50701,0.00,0.00
2018.02.14 23:26:00.546,13.50471,13.50711,0.00,0.00
2018.02.14 23:26:05.172,13.50472,13.50778,0.00,0.00
2018.02.14 23:26:05.223,13.50472,13.50781,0.00,0.00
2018.02.14 23:26:05.831,13.50471,13.50781,0.00,0.00
2018.02.14 23:26:05.882,13.50471,13.50791,0.00,0.00
2018.02.14 23:26:05.983,13.50491,13.50791,0.00,0.00
2018.02.14 23:26:06.560,13.50492,13.50802,0.00,0.00
2018.02.14 23:26:12.045,13.50479,13.50799,0.00,0.00
2018.02.14 23:26:13.735,13.50471,13.50799,0.00,0.00
2018.02.14 23:26:14.528,13.50472,13.50798,0.00,0.00
2018.02.14 23:26:17.110,13.50471,13.50779,0.00,0.00
2018.02.14 23:26:17.486,13.50471,13.50799,0.00,0.00
2018.02.14 23:26:17.587,13.50471,13.50802,0.00,0.00
2018.02.14 23:26:17.820,13.50471,13.50789,0.00,0.00
2018.02.14 23:26:18.206,13.50479,13.50729,0.00,0.00
2018.02.14 23:26:18.693,13.50462,13.50718,0.00,0.00
2018.02.14 23:26:18.817,13.50472,13.50728,0.00,0.00
2018.02.14 23:26:19.402,13.50471,13.50729,0.00,0.00
2018.02.14 23:26:19.453,13.50471,13.50739,0.00,0.00
