2014.11.03 17:00:00.572,11.69854,11.70098,0.00,0.00
2014.11.03 17:00:00.723,11.69811,11.70082,0.00,0.00
2014.11.03 17:00:01.805,11.69792,11.70082,0.00,0.00
2014.11.03 17:00:17.515,11.69792,11.70098,0.00,0.00
2014.11.03 17:00:17.565,11.69812,11.70098,0.00,0.00
2014.11.03 17:00:17.616,11.69832,11.70125,0.00,0.00
2014.11.03 17:00:17.717,11.69832,11.70132,0.00,0.00
2014.11.03 17:00:19.345,11.69832,11.70119,0.00,0.00
2014.11.03 17:00:19.395,11.69791,11.70081,0.00,0.00
2014.11.03 17:00:32.234,11.69772,11.70081,0.00,0.00
2014.11.03 17:00:32.284,11.69772,11.70032,0.00,0.00
2014.11.03 17:00:32.436,11.69712,11.70019,0.00,0.00
2014.11.03 17:00:32.486,11.69712,11.69982,0.00,0.00
2014.11.03 17:00:33.705,11.69681,11.69982,0.00,0.00
2014.11.03 17:00:34.016,11.69672,11.69982,0.00,0.00
2014.11.03 17:00:35.203,11.69679,11.69982,0.00,0.00
2014.11.03 17:00:36.105,11.69672,11.69982,0.00,0.00
2014.11.03 17:00:37.507,11.6968,11.69982,0.00,0.00
2014.11.03 17:00:38.332,11.69711,11.69982,0.00,0.00
2014.11.03 17:00:38.443,11.69772,11.70081,0.00,0.00
2014.11.03 17:00:38.961,11.69781,11.70081,0.00,0.00
2014.11.03 17:00:39.443,11.69772,11.70081,0.00,0.00
2014.11.03 17:00:39.652,11.69782,11.70081,0.00,0.00
2014.11.03 17:00:39.712,11.69772,11.70081,0.00,0.00
2014.11.03 17:00:41.634,11.69771,11.70081,0.00,0.00
2014.11.03 17:00:42.269,11.69762,11.70081,0.00,0.00
2014.11.03 17:00:42.920,11.69771,11.70081,0.00,0.00
2014.11.03 17:00:48.862,11.69791,11.70081,0.00,0.00
2014.11.03 17:00:49.013,11.69823,11.70132,0.00,0.00
2014.11.03 17:00:49.932,11.69821,11.70132,0.00,0.00
2014.11.03 17:00:54.475,11.69811,11.70099,0.00,0.00
2014.11.03 17:00:54.576,11.69791,11.70081,0.00,0.00
2014.11.03 17:00:55.236,11.69792,11.70081,0.00,0.00
2014.11.03 17:00:56.013,11.69782,11.70081,0.00,0.00
2014.11.03 17:00:57.448,11.69791,11.70081,0.00,0.00
2014.11.03 17:00:57.599,11.69822,11.70132,0.00,0.00
2014.11.03 17:00:57.700,11.69838,11.70138,0.00,0.00
2014.11.03 17:00:57.852,11.69822,11.70131,0.00,0.00
2014.11.03 17:00:58.258,11.69832,11.70131,0.00,0.00
2014.11.03 17:00:58.790,11.69812,11.70099,0.00,0.00
2014.11.03 17:00:58.941,11.69791,11.70081,0.00,0.00
2014.11.03 17:01:15.778,11.69803,11.70081,0.00,0.00
2014.11.03 17:01:16.372,11.69791,11.70081,0.00,0.00
2014.11.03 17:01:29.802,11.69792,11.70081,0.00,0.00
2014.11.03 17:01:30.303,11.69792,11.70056,0.00,0.00
2014.11.03 17:01:30.404,11.69712,11.70008,0.00,0.00
2014.11.03 17:01:30.454,11.69712,11.69981,0.00,0.00
2014.11.03 17:01:31.033,11.69688,11.69981,0.00,0.00
2014.11.03 17:01:31.097,11.69688,11.69942,0.00,0.00
2014.11.03 17:01:31.147,11.69639,11.69899,0.00,0.00
2014.11.03 17:01:31.300,11.69612,11.69899,0.00,0.00
2014.11.03 17:01:31.350,11.69612,11.69892,0.00,0.00
2014.11.03 17:01:32.457,11.69591,11.69892,0.00,0.00
2014.11.03 17:01:33.185,11.69591,11.69899,0.00,0.00
2014.11.03 17:01:33.235,11.69607,11.69899,0.00,0.00
2014.11.03 17:01:33.444,11.69672,11.69981,0.00,0.00
2014.11.03 17:01:33.732,11.69681,11.69981,0.00,0.00
2014.11.03 17:01:35.934,11.69681,11.70009,0.00,0.00
2014.11.03 17:01:35.984,11.69711,11.70009,0.00,0.00
2014.11.03 17:01:36.035,11.69722,11.70021,0.00,0.00
2014.11.03 17:01:36.086,11.69722,11.70032,0.00,0.00
2014.11.03 17:01:37.022,11.69732,11.70032,0.00,0.00
2014.11.03 17:01:38.343,11.69721,11.70032,0.00,0.00
2014.11.03 17:01:39.140,11.69721,11.69981,0.00,0.00
2014.11.03 17:01:39.241,11.69721,11.70031,0.00,0.00
2014.11.03 17:01:43.413,11.69721,11.69982,0.00,0.00
2014.11.03 17:01:43.514,11.69682,11.69982,0.00,0.00
2014.11.03 17:01:43.621,11.69672,11.69982,0.00,0.00
2014.11.03 17:01:45.725,11.69681,11.69982,0.00,0.00
2014.11.03 17:01:46.592,11.69672,11.69982,0.00,0.00
2014.11.03 17:01:47.693,11.69682,11.69982,0.00,0.00
2014.11.03 17:01:53.099,11.69672,11.69982,0.00,0.00
2014.11.03 17:01:53.760,11.69681,11.69982,0.00,0.00
2014.11.03 17:01:53.865,11.69672,11.69982,0.00,0.00
2014.11.03 17:01:55.282,11.69682,11.69982,0.00,0.00
2014.11.03 17:02:01.125,11.69672,11.69982,0.00,0.00
2014.11.03 17:02:01.927,11.69681,11.69982,0.00,0.00
2014.11.03 17:02:02.391,11.69712,11.69982,0.00,0.00
2014.11.03 17:02:02.492,11.69722,11.70032,0.00,0.00
2014.11.03 17:02:03.013,11.69722,11.70025,0.00,0.00
2014.11.03 17:02:03.114,11.69722,11.70032,0.00,0.00
2014.11.03 17:02:04.751,11.69721,11.70032,0.00,0.00
2014.11.03 17:02:06.184,11.69721,11.69981,0.00,0.00
2014.11.03 17:02:06.436,11.69681,11.69981,0.00,0.00
2014.11.03 17:02:08.664,11.69711,11.69981,0.00,0.00
2014.11.03 17:02:08.966,11.69766,11.70082,0.00,0.00
2014.11.03 17:02:09.090,11.69792,11.70082,0.00,0.00
2014.11.03 17:02:09.413,11.69821,11.70131,0.00,0.00
2014.11.03 17:02:10.063,11.69822,11.70131,0.00,0.00
2014.11.03 17:02:10.583,11.69822,11.70082,0.00,0.00
2014.11.03 17:02:12.524,11.69861,11.70082,0.00,0.00
2014.11.03 17:02:12.574,11.69862,11.7014,0.00,0.00
2014.11.03 17:02:13.233,11.69861,11.70141,0.00,0.00
2014.11.03 17:02:14.142,11.69861,11.70082,0.00,0.00
2014.11.03 17:02:14.192,11.69832,11.70082,0.00,0.00
2014.11.03 17:02:18.670,11.69822,11.70082,0.00,0.00
2014.11.03 17:02:18.771,11.69822,11.70032,0.00,0.00
2014.11.03 17:02:18.821,11.69811,11.70032,0.00,0.00
2014.11.03 17:02:18.872,11.69781,11.70032,0.00,0.00
2014.11.03 17:02:19.383,11.69781,11.69982,0.00,0.00
2014.11.03 17:02:19.433,11.69772,11.69982,0.00,0.00
2014.11.03 17:02:19.542,11.69761,11.70032,0.00,0.00
2014.11.03 17:02:19.592,11.69771,11.70032,0.00,0.00
2014.11.03 17:02:20.265,11.69771,11.69931,0.00,0.00
2014.11.03 17:02:20.366,11.69761,11.69931,0.00,0.00
2014.11.03 17:02:20.466,11.69687,11.69931,0.00,0.00
2014.11.03 17:02:20.567,11.69682,11.69931,0.00,0.00
2014.11.03 17:02:20.703,11.69682,11.69982,0.00,0.00
2014.11.03 17:02:20.753,11.69721,11.69982,0.00,0.00
2014.11.03 17:02:21.155,11.69741,11.69982,0.00,0.00
2014.11.03 17:02:21.240,11.69727,11.69982,0.00,0.00
2014.11.03 17:02:21.642,11.69741,11.69982,0.00,0.00
2014.11.03 17:02:22.345,11.69721,11.69982,0.00,0.00
2014.11.03 17:02:22.396,11.69721,11.69932,0.00,0.00
2014.11.03 17:02:22.497,11.69721,11.69981,0.00,0.00
2014.11.03 17:02:22.746,11.69732,11.69981,0.00,0.00
2014.11.03 17:02:23.653,11.69721,11.69981,0.00,0.00
2014.11.03 17:02:24.469,11.69721,11.69932,0.00,0.00
2014.11.03 17:02:24.520,11.69661,11.69891,0.00,0.00
2014.11.03 17:02:25.692,11.69631,11.69891,0.00,0.00
2014.11.03 17:02:26.359,11.69631,11.69841,0.00,0.00
2014.11.03 17:02:26.409,11.69621,11.69841,0.00,0.00
2014.11.03 17:02:26.460,11.69621,11.69892,0.00,0.00
2014.11.03 17:02:27.082,11.69621,11.69841,0.00,0.00
2014.11.03 17:02:27.133,11.69616,11.69841,0.00,0.00
2014.11.03 17:02:27.234,11.69596,11.69841,0.00,0.00
2014.11.03 17:02:28.180,11.69591,11.69841,0.00,0.00
2014.11.03 17:02:28.231,11.69578,11.69841,0.00,0.00
2014.11.03 17:02:28.282,11.69566,11.69841,0.00,0.00
2014.11.03 17:02:28.332,11.69566,11.69792,0.00,0.00
2014.11.03 17:02:28.383,11.69561,11.69792,0.00,0.00
2014.11.03 17:02:28.492,11.69541,11.69792,0.00,0.00
2014.11.03 17:02:29.862,11.69541,11.69741,0.00,0.00
2014.11.03 17:02:29.913,11.69521,11.69741,0.00,0.00
2014.11.03 17:02:30.014,11.69521,11.69792,0.00,0.00
2014.11.03 17:02:31.388,11.69551,11.69792,0.00,0.00
2014.11.03 17:02:31.539,11.69538,11.69792,0.00,0.00
2014.11.03 17:02:31.640,11.69522,11.69792,0.00,0.00
2014.11.03 17:02:31.939,11.69522,11.69741,0.00,0.00
2014.11.03 17:02:31.989,11.69512,11.69741,0.00,0.00
2014.11.03 17:02:32.622,11.69487,11.69741,0.00,0.00
2014.11.03 17:02:33.115,11.69481,11.69741,0.00,0.00
2014.11.03 17:02:36.189,11.69511,11.69741,0.00,0.00
2014.11.03 17:02:36.240,11.69527,11.69792,0.00,0.00
2014.11.03 17:02:36.798,11.69541,11.69792,0.00,0.00
2014.11.03 17:02:36.905,11.69567,11.69842,0.00,0.00
2014.11.03 17:02:36.955,11.69572,11.69842,0.00,0.00
2014.11.03 17:02:37.355,11.69592,11.69842,0.00,0.00
2014.11.03 17:02:37.736,11.69662,11.69842,0.00,0.00
2014.11.03 17:02:37.786,11.69662,11.69891,0.00,0.00
2014.11.03 17:02:37.862,11.69662,11.69932,0.00,0.00
2014.11.03 17:02:38.131,11.69651,11.69932,0.00,0.00
2014.11.03 17:02:38.232,11.69661,11.69932,0.00,0.00
2014.11.03 17:02:39.197,11.69661,11.69891,0.00,0.00
2014.11.03 17:02:39.247,11.69617,11.69891,0.00,0.00
2014.11.03 17:02:39.298,11.69617,11.69842,0.00,0.00
2014.11.03 17:02:39.349,11.69592,11.69842,0.00,0.00
2014.11.03 17:02:40.977,11.69592,11.69891,0.00,0.00
2014.11.03 17:02:41.027,11.69598,11.69891,0.00,0.00
2014.11.03 17:02:41.362,11.69653,11.69891,0.00,0.00
2014.11.03 17:02:41.793,11.69662,11.69891,0.00,0.00
2014.11.03 17:02:41.843,11.69662,11.69931,0.00,0.00
2014.11.03 17:02:41.894,11.69672,11.69931,0.00,0.00
2014.11.03 17:02:42.154,11.69682,11.69982,0.00,0.00
2014.11.03 17:02:42.205,11.69722,11.69982,0.00,0.00
2014.11.03 17:02:49.563,11.69761,11.69982,0.00,0.00
2014.11.03 17:02:49.664,11.69771,11.70031,0.00,0.00
2014.11.03 17:02:50.020,11.69782,11.70031,0.00,0.00
2014.11.03 17:02:51.222,11.69772,11.70031,0.00,0.00
2014.11.03 17:02:51.901,11.69771,11.70031,0.00,0.00
2014.11.03 17:02:53.372,11.69771,11.69982,0.00,0.00
2014.11.03 17:02:53.422,11.69768,11.69982,0.00,0.00
2014.11.03 17:02:53.529,11.69743,11.69982,0.00,0.00
2014.11.03 17:02:57.005,11.69743,11.69932,0.00,0.00
2014.11.03 17:02:57.056,11.69721,11.69932,0.00,0.00
2014.11.03 17:02:57.182,11.69682,11.69932,0.00,0.00
2014.11.03 17:03:01.994,11.69711,11.69932,0.00,0.00
2014.11.03 17:03:02.095,11.69721,11.69981,0.00,0.00
2014.11.03 17:03:04.786,11.69711,11.69981,0.00,0.00
2014.11.03 17:03:04.836,11.69711,11.69932,0.00,0.00
2014.11.03 17:03:04.887,11.69687,11.69932,0.00,0.00
2014.11.03 17:03:12.551,11.69712,11.69932,0.00,0.00
2014.11.03 17:03:12.652,11.69721,11.69981,0.00,0.00
2014.11.03 17:03:14.308,11.69721,11.69932,0.00,0.00
2014.11.03 17:03:14.358,11.69707,11.69932,0.00,0.00
2014.11.03 17:03:14.409,11.69707,11.69982,0.00,0.00
2014.11.03 17:03:14.459,11.69721,11.69982,0.00,0.00
2014.11.03 17:03:14.769,11.69771,11.70031,0.00,0.00
2014.11.03 17:03:15.092,11.69762,11.70018,0.00,0.00
2014.11.03 17:03:15.420,11.69762,11.69932,0.00,0.00
2014.11.03 17:03:15.692,11.69681,11.69932,0.00,0.00
2014.11.03 17:03:29.540,11.69672,11.69932,0.00,0.00
2014.11.03 17:03:29.832,11.69667,11.69932,0.00,0.00
2014.11.03 17:03:33.597,11.69671,11.69932,0.00,0.00
2014.11.03 17:03:36.765,11.69667,11.69932,0.00,0.00
2014.11.03 17:03:45.427,11.69682,11.69932,0.00,0.00
2014.11.03 17:03:48.171,11.69682,11.69891,0.00,0.00
2014.11.03 17:03:48.221,11.69668,11.69891,0.00,0.00
2014.11.03 17:03:48.392,11.69642,11.69891,0.00,0.00
2014.11.03 17:03:49.783,11.69662,11.69891,0.00,0.00
2014.11.03 17:03:49.934,11.69678,11.69932,0.00,0.00
2014.11.03 17:04:05.989,11.69681,11.69932,0.00,0.00
2014.11.03 17:04:06.362,11.69791,11.70032,0.00,0.00
2014.11.03 17:04:06.931,11.69792,11.70032,0.00,0.00
2014.11.03 17:04:18.811,11.69862,11.70032,0.00,0.00
2014.11.03 17:04:18.862,11.69862,11.70082,0.00,0.00
2014.11.03 17:04:18.912,11.69867,11.70082,0.00,0.00
2014.11.03 17:04:19.127,11.69868,11.70141,0.00,0.00
2014.11.03 17:04:19.250,11.69868,11.70139,0.00,0.00
2014.11.03 17:04:19.552,11.69862,11.70031,0.00,0.00
2014.11.03 17:04:19.760,11.69867,11.70142,0.00,0.00
2014.11.03 17:04:19.811,11.69882,11.70142,0.00,0.00
2014.11.03 17:04:22.374,11.69867,11.70139,0.00,0.00
2014.11.03 17:04:22.424,11.69861,11.70082,0.00,0.00
2014.11.03 17:04:22.575,11.69791,11.70031,0.00,0.00
2014.11.03 17:04:22.835,11.69798,11.70031,0.00,0.00
2014.11.03 17:04:23.193,11.69791,11.70031,0.00,0.00
2014.11.03 17:04:23.762,11.69792,11.70031,0.00,0.00
2014.11.03 17:04:23.914,11.69767,11.70031,0.00,0.00
2014.11.03 17:04:24.014,11.69791,11.70031,0.00,0.00
2014.11.03 17:04:30.204,11.69792,11.70031,0.00,0.00
2014.11.03 17:04:44.383,11.69791,11.70031,0.00,0.00
2014.11.03 17:05:11.801,11.69791,11.69982,0.00,0.00
2014.11.03 17:05:11.902,11.69711,11.69932,0.00,0.00
2014.11.03 17:05:12.002,11.69711,11.69982,0.00,0.00
2014.11.03 17:05:12.229,11.69711,11.69932,0.00,0.00
2014.11.03 17:05:12.481,11.69721,11.69982,0.00,0.00
2014.11.03 17:05:12.682,11.69766,11.69932,0.00,0.00
2014.11.03 17:05:12.783,11.69781,11.70031,0.00,0.00
2014.11.03 17:05:15.401,11.69771,11.70031,0.00,0.00
2014.11.03 17:05:17.315,11.69781,11.70031,0.00,0.00
2014.11.03 17:05:17.711,11.69771,11.70031,0.00,0.00
2014.11.03 17:05:18.370,11.69771,11.70082,0.00,0.00
2014.11.03 17:05:18.836,11.69781,11.70082,0.00,0.00
2014.11.03 17:05:19.360,11.69771,11.70082,0.00,0.00
2014.11.03 17:05:26.864,11.69781,11.70082,0.00,0.00
2014.11.03 17:05:30.619,11.69791,11.70082,0.00,0.00
2014.11.03 17:05:33.782,11.69821,11.70125,0.00,0.00
2014.11.03 17:05:33.882,11.69827,11.70132,0.00,0.00
2014.11.03 17:05:35.732,11.69862,11.70132,0.00,0.00
2014.11.03 17:05:35.782,11.69862,11.70192,0.00,0.00
2014.11.03 17:05:35.883,11.69872,11.70192,0.00,0.00
2014.11.03 17:05:36.632,11.69892,11.70192,0.00,0.00
2014.11.03 17:05:36.934,11.69967,11.70239,0.00,0.00
2014.11.03 17:05:36.984,11.69961,11.70242,0.00,0.00
2014.11.03 17:05:37.085,11.69961,11.70292,0.00,0.00
2014.11.03 17:05:37.186,11.69961,11.70238,0.00,0.00
2014.11.03 17:05:38.102,11.69961,11.7029,0.00,0.00
2014.11.03 17:05:38.202,11.69967,11.70292,0.00,0.00
2014.11.03 17:05:38.518,11.70012,11.70292,0.00,0.00
2014.11.03 17:05:39.691,11.69981,11.70292,0.00,0.00
2014.11.03 17:05:40.055,11.70022,11.7031,0.00,0.00
2014.11.03 17:05:40.105,11.70022,11.70338,0.00,0.00
2014.11.03 17:05:40.900,11.70061,11.70338,0.00,0.00
2014.11.03 17:05:41.290,11.70061,11.70341,0.00,0.00
2014.11.03 17:05:41.876,11.70061,11.70337,0.00,0.00
2014.11.03 17:05:42.220,11.70022,11.70337,0.00,0.00
2014.11.03 17:05:43.378,11.70022,11.70341,0.00,0.00
2014.11.03 17:05:43.479,11.70032,11.70341,0.00,0.00
2014.11.03 17:05:44.765,11.70061,11.70341,0.00,0.00
2014.11.03 17:05:44.816,11.70061,11.7039,0.00,0.00
2014.11.03 17:05:44.916,11.70081,11.70389,0.00,0.00
2014.11.03 17:05:45.899,11.70122,11.70425,0.00,0.00
2014.11.03 17:05:46.222,11.70091,11.70392,0.00,0.00
2014.11.03 17:05:46.619,11.70102,11.70392,0.00,0.00
2014.11.03 17:05:46.885,11.70091,11.70392,0.00,0.00
2014.11.03 17:05:46.986,11.70123,11.70399,0.00,0.00
2014.11.03 17:05:47.087,11.70123,11.70438,0.00,0.00
2014.11.03 17:05:47.688,11.70122,11.70438,0.00,0.00
2014.11.03 17:05:47.788,11.70112,11.70391,0.00,0.00
2014.11.03 17:05:48.409,11.70127,11.70438,0.00,0.00
2014.11.03 17:05:48.689,11.70122,11.70438,0.00,0.00
2014.11.03 17:05:50.034,11.70127,11.70438,0.00,0.00
2014.11.03 17:05:50.381,11.70111,11.70392,0.00,0.00
2014.11.03 17:05:51.162,11.70061,11.70392,0.00,0.00
2014.11.03 17:05:51.295,11.70079,11.70392,0.00,0.00
2014.11.03 17:05:52.030,11.70081,11.70389,0.00,0.00
2014.11.03 17:05:54.262,11.70071,11.70392,0.00,0.00
2014.11.03 17:05:54.443,11.7008,11.70392,0.00,0.00
2014.11.03 17:05:55.003,11.70081,11.70389,0.00,0.00
2014.11.03 17:06:06.794,11.70071,11.70392,0.00,0.00
2014.11.03 17:06:07.080,11.70111,11.70392,0.00,0.00
2014.11.03 17:06:07.231,11.70125,11.7042,0.00,0.00
2014.11.03 17:06:07.439,11.70125,11.70438,0.00,0.00
2014.11.03 17:06:07.590,11.70122,11.70438,0.00,0.00
2014.11.03 17:06:08.509,11.70161,11.70438,0.00,0.00
2014.11.03 17:06:08.560,11.70161,11.70481,0.00,0.00
2014.11.03 17:06:09.151,11.70161,11.70476,0.00,0.00
2014.11.03 17:06:09.753,11.70161,11.70481,0.00,0.00
2014.11.03 17:06:12.382,11.70171,11.70481,0.00,0.00
2014.11.03 17:06:17.110,11.70172,11.70481,0.00,0.00
2014.11.03 17:06:21.179,11.70179,11.70488,0.00,0.00
2014.11.03 17:06:21.532,11.70282,11.70581,0.00,0.00
2014.11.03 17:06:22.298,11.70291,11.70581,0.00,0.00
2014.11.03 17:06:26.537,11.70291,11.7057,0.00,0.00
2014.11.03 17:06:27.099,11.70291,11.70581,0.00,0.00
2014.11.03 17:06:27.399,11.70291,11.70579,0.00,0.00
2014.11.03 17:06:27.500,11.70291,11.70581,0.00,0.00
2014.11.03 17:06:27.781,11.70322,11.70632,0.00,0.00
2014.11.03 17:06:27.939,11.70362,11.7065,0.00,0.00
2014.11.03 17:06:28.049,11.70321,11.70632,0.00,0.00
2014.11.03 17:06:28.226,11.70338,11.70639,0.00,0.00
2014.11.03 17:06:28.401,11.70321,11.70631,0.00,0.00
2014.11.03 17:06:28.898,11.70331,11.70631,0.00,0.00
2014.11.03 17:06:30.828,11.70334,11.70631,0.00,0.00
2014.11.03 17:06:30.929,11.70381,11.70689,0.00,0.00
2014.11.03 17:06:31.506,11.70381,11.70669,0.00,0.00
2014.11.03 17:06:32.640,11.70381,11.70688,0.00,0.00
2014.11.03 17:06:33.061,11.70392,11.70689,0.00,0.00
2014.11.03 17:06:35.213,11.70392,11.70672,0.00,0.00
2014.11.03 17:06:35.464,11.70421,11.70738,0.00,0.00
2014.11.03 17:06:35.615,11.70421,11.70719,0.00,0.00
2014.11.03 17:06:36.017,11.70421,11.70739,0.00,0.00
2014.11.03 17:06:36.219,11.70421,11.70725,0.00,0.00
2014.11.03 17:06:37.042,11.70421,11.70739,0.00,0.00
2014.11.03 17:06:37.142,11.70421,11.70719,0.00,0.00
2014.11.03 17:06:37.245,11.70432,11.70739,0.00,0.00
2014.11.03 17:06:37.552,11.70432,11.70727,0.00,0.00
2014.11.03 17:06:37.873,11.70461,11.70698,0.00,0.00
2014.11.03 17:06:38.024,11.70461,11.70738,0.00,0.00
2014.11.03 17:06:38.125,11.70461,11.70692,0.00,0.00
2014.11.03 17:06:38.440,11.70391,11.70684,0.00,0.00
2014.11.03 17:06:39.529,11.70391,11.70671,0.00,0.00
2014.11.03 17:06:41.075,11.70391,11.70682,0.00,0.00
2014.11.03 17:06:41.333,11.70391,11.70692,0.00,0.00
2014.11.03 17:06:41.735,11.70391,11.70682,0.00,0.00
2014.11.03 17:06:42.544,11.70391,11.70692,0.00,0.00
2014.11.03 17:06:43.257,11.70391,11.7067,0.00,0.00
2014.11.03 17:06:43.567,11.70391,11.70683,0.00,0.00
2014.11.03 17:06:43.974,11.70391,11.7067,0.00,0.00
2014.11.03 17:06:44.756,11.70328,11.70599,0.00,0.00
2014.11.03 17:06:44.879,11.70311,11.70599,0.00,0.00
2014.11.03 17:06:44.939,11.70311,11.70581,0.00,0.00
2014.11.03 17:06:45.315,11.70311,11.70578,0.00,0.00
2014.11.03 17:06:46.075,11.70311,11.70581,0.00,0.00
2014.11.03 17:06:46.176,11.70291,11.70581,0.00,0.00
2014.11.03 17:06:46.571,11.70291,11.70578,0.00,0.00
2014.11.03 17:06:46.774,11.70291,11.70581,0.00,0.00
2014.11.03 17:06:47.179,11.70321,11.70606,0.00,0.00
2014.11.03 17:06:47.625,11.70292,11.7057,0.00,0.00
2014.11.03 17:06:48.665,11.70292,11.70582,0.00,0.00
2014.11.03 17:06:48.946,11.70292,11.70569,0.00,0.00
2014.11.03 17:06:50.147,11.70292,11.70582,0.00,0.00
2014.11.03 17:06:52.297,11.70292,11.70579,0.00,0.00
2014.11.03 17:06:53.298,11.70292,11.70568,0.00,0.00
2014.11.03 17:06:53.617,11.70292,11.70551,0.00,0.00
2014.11.03 17:06:53.788,11.70212,11.70508,0.00,0.00
2014.11.03 17:06:53.889,11.70212,11.70493,0.00,0.00
2014.11.03 17:06:54.192,11.70212,11.70482,0.00,0.00
2014.11.03 17:06:54.937,11.70182,11.70482,0.00,0.00
2014.11.03 17:07:01.128,11.70182,11.70505,0.00,0.00
2014.11.03 17:07:01.179,11.70198,11.70508,0.00,0.00
2014.11.03 17:07:01.526,11.70222,11.70532,0.00,0.00
2014.11.03 17:07:04.883,11.70222,11.70482,0.00,0.00
2014.11.03 17:07:04.984,11.70181,11.70482,0.00,0.00
2014.11.03 17:07:05.085,11.70223,11.70482,0.00,0.00
2014.11.03 17:07:05.135,11.70223,11.70532,0.00,0.00
2014.11.03 17:07:06.387,11.70221,11.70532,0.00,0.00
2014.11.03 17:07:06.988,11.70222,11.70532,0.00,0.00
2014.11.03 17:07:07.174,11.70232,11.70532,0.00,0.00
2014.11.03 17:07:09.698,11.7024,11.70532,0.00,0.00
2014.11.03 17:07:11.198,11.70232,11.70532,0.00,0.00
2014.11.03 17:07:11.248,11.70223,11.70481,0.00,0.00
2014.11.03 17:07:11.299,11.70211,11.70481,0.00,0.00
2014.11.03 17:07:11.416,11.70182,11.70481,0.00,0.00
2014.11.03 17:07:11.599,11.70187,11.70481,0.00,0.00
2014.11.03 17:07:12.127,11.70222,11.70481,0.00,0.00
2014.11.03 17:07:12.177,11.70222,11.70531,0.00,0.00
2014.11.03 17:07:12.228,11.70241,11.70531,0.00,0.00
2014.11.03 17:07:15.758,11.70241,11.70548,0.00,0.00
2014.11.03 17:07:15.809,11.70265,11.70548,0.00,0.00
2014.11.03 17:07:15.859,11.70281,11.70582,0.00,0.00
2014.11.03 17:07:17.212,11.70291,11.70582,0.00,0.00
2014.11.03 17:07:18.818,11.70461,11.70582,0.00,0.00
2014.11.03 17:07:18.869,11.70461,11.70599,0.00,0.00
2014.11.03 17:07:18.970,11.70461,11.70692,0.00,0.00
2014.11.03 17:07:19.171,11.70463,11.70692,0.00,0.00
2014.11.03 17:07:19.278,11.70463,11.70742,0.00,0.00
2014.11.03 17:07:19.328,11.70518,11.70742,0.00,0.00
2014.11.03 17:07:19.429,11.70522,11.70839,0.00,0.00
2014.11.03 17:07:19.802,11.70529,11.70839,0.00,0.00
2014.11.03 17:07:20.318,11.70592,11.70891,0.00,0.00
2014.11.03 17:07:20.571,11.70628,11.70938,0.00,0.00
2014.11.03 17:07:20.671,11.70562,11.70891,0.00,0.00
2014.11.03 17:07:20.928,11.70589,11.70938,0.00,0.00
2014.11.03 17:07:21.029,11.70601,11.70938,0.00,0.00
2014.11.03 17:07:21.288,11.70629,11.7097,0.00,0.00
2014.11.03 17:07:21.389,11.70612,11.70942,0.00,0.00
2014.11.03 17:07:21.700,11.70629,11.70941,0.00,0.00
2014.11.03 17:07:21.750,11.70629,11.7097,0.00,0.00
2014.11.03 17:07:21.801,11.70652,11.7097,0.00,0.00
2014.11.03 17:07:22.103,11.70611,11.70892,0.00,0.00
2014.11.03 17:07:22.590,11.70611,11.70941,0.00,0.00
2014.11.03 17:07:22.841,11.70611,11.70917,0.00,0.00
2014.11.03 17:07:23.083,11.70611,11.70941,0.00,0.00
2014.11.03 17:07:23.442,11.70611,11.70917,0.00,0.00
2014.11.03 17:07:23.694,11.70571,11.7088,0.00,0.00
2014.11.03 17:07:24.545,11.70571,11.70892,0.00,0.00
2014.11.03 17:07:24.669,11.70588,11.709,0.00,0.00
2014.11.03 17:07:24.719,11.70592,11.70917,0.00,0.00
2014.11.03 17:07:24.770,11.70601,11.70938,0.00,0.00
2014.11.03 17:07:24.978,11.70612,11.70942,0.00,0.00
2014.11.03 17:07:25.332,11.70612,11.70931,0.00,0.00
2014.11.03 17:07:25.949,11.70641,11.70942,0.00,0.00
2014.11.03 17:07:26.000,11.70641,11.70978,0.00,0.00
2014.11.03 17:07:26.101,11.70652,11.70982,0.00,0.00
2014.11.03 17:07:26.652,11.70662,11.70982,0.00,0.00
2014.11.03 17:07:26.793,11.7069,11.71029,0.00,0.00
2014.11.03 17:07:26.898,11.70679,11.71004,0.00,0.00
2014.11.03 17:07:27.248,11.70679,11.70993,0.00,0.00
2014.11.03 17:07:27.854,11.70679,11.70981,0.00,0.00
2014.11.03 17:07:28.687,11.70679,11.70993,0.00,0.00
2014.11.03 17:07:30.360,11.70679,11.7097,0.00,0.00
2014.11.03 17:07:30.943,11.70682,11.7097,0.00,0.00
2014.11.03 17:07:31.044,11.70629,11.70939,0.00,0.00
2014.11.03 17:07:31.145,11.70621,11.70939,0.00,0.00
2014.11.03 17:07:31.296,11.70621,11.70918,0.00,0.00
2014.11.03 17:07:31.397,11.70621,11.70939,0.00,0.00
2014.11.03 17:07:31.447,11.70621,11.70921,0.00,0.00
2014.11.03 17:07:31.836,11.70612,11.70874,0.00,0.00
2014.11.03 17:07:32.459,11.70581,11.70874,0.00,0.00
2014.11.03 17:07:32.577,11.70571,11.70874,0.00,0.00
2014.11.03 17:07:33.566,11.70571,11.70892,0.00,0.00
2014.11.03 17:07:33.767,11.70571,11.70871,0.00,0.00
2014.11.03 17:07:34.114,11.70581,11.70889,0.00,0.00
2014.11.03 17:07:34.251,11.70591,11.70892,0.00,0.00
2014.11.03 17:07:35.170,11.70591,11.70871,0.00,0.00
2014.11.03 17:07:36.638,11.70582,11.70871,0.00,0.00
2014.11.03 17:07:37.109,11.70591,11.70871,0.00,0.00
2014.11.03 17:07:37.211,11.70591,11.70892,0.00,0.00
2014.11.03 17:07:39.277,11.70591,11.70887,0.00,0.00
2014.11.03 17:07:39.378,11.70591,11.70892,0.00,0.00
2014.11.03 17:07:41.101,11.70591,11.70878,0.00,0.00
2014.11.03 17:07:42.782,11.70591,11.70871,0.00,0.00
2014.11.03 17:07:42.934,11.70511,11.70792,0.00,0.00
2014.11.03 17:07:44.118,11.70482,11.70792,0.00,0.00
2014.11.03 17:07:44.521,11.70482,11.70786,0.00,0.00
2014.11.03 17:07:45.991,11.70482,11.70792,0.00,0.00
2014.11.03 17:07:48.620,11.70482,11.7079,0.00,0.00
2014.11.03 17:07:49.120,11.70511,11.7079,0.00,0.00
2014.11.03 17:07:49.337,11.70561,11.70842,0.00,0.00
2014.11.03 17:07:49.555,11.70581,11.70842,0.00,0.00
2014.11.03 17:07:50.853,11.70588,11.70889,0.00,0.00
2014.11.03 17:07:50.904,11.70605,11.70889,0.00,0.00
2014.11.03 17:07:50.954,11.70612,11.70898,0.00,0.00
2014.11.03 17:07:51.005,11.70628,11.70898,0.00,0.00
2014.11.03 17:07:51.206,11.70592,11.70879,0.00,0.00
2014.11.03 17:07:51.596,11.70592,11.70891,0.00,0.00
2014.11.03 17:07:52.548,11.70592,11.70888,0.00,0.00
2014.11.03 17:07:53.735,11.70592,11.70876,0.00,0.00
2014.11.03 17:07:53.929,11.70582,11.70876,0.00,0.00
2014.11.03 17:07:54.166,11.70571,11.70841,0.00,0.00
2014.11.03 17:07:54.267,11.70561,11.70841,0.00,0.00
2014.11.03 17:07:54.898,11.70541,11.70841,0.00,0.00
2014.11.03 17:07:55.476,11.70538,11.70799,0.00,0.00
2014.11.03 17:07:55.526,11.70524,11.70799,0.00,0.00
2014.11.03 17:07:55.627,11.70512,11.70781,0.00,0.00
2014.11.03 17:07:56.046,11.70512,11.70792,0.00,0.00
2014.11.03 17:07:56.217,11.70491,11.70792,0.00,0.00
2014.11.03 17:07:57.909,11.70491,11.70779,0.00,0.00
2014.11.03 17:07:58.210,11.70491,11.70792,0.00,0.00
2014.11.03 17:07:58.987,11.70491,11.70799,0.00,0.00
2014.11.03 17:07:59.038,11.70522,11.7082,0.00,0.00
2014.11.03 17:07:59.139,11.70522,11.70842,0.00,0.00
2014.11.03 17:07:59.437,11.70524,11.70842,0.00,0.00
2014.11.03 17:08:00.113,11.70522,11.70842,0.00,0.00
2014.11.03 17:08:01.820,11.70525,11.70842,0.00,0.00
2014.11.03 17:08:04.120,11.70522,11.70842,0.00,0.00
2014.11.03 17:08:04.220,11.70524,11.70842,0.00,0.00
2014.11.03 17:08:04.532,11.70491,11.70791,0.00,0.00
2014.11.03 17:08:05.323,11.70557,11.70791,0.00,0.00
2014.11.03 17:08:05.517,11.70581,11.70889,0.00,0.00
2014.11.03 17:08:08.429,11.70588,11.70889,0.00,0.00
2014.11.03 17:08:08.480,11.70591,11.70899,0.00,0.00
2014.11.03 17:08:08.530,11.70657,11.70899,0.00,0.00
2014.11.03 17:08:08.581,11.70671,11.70982,0.00,0.00
2014.11.03 17:08:08.631,11.70671,11.70976,0.00,0.00
2014.11.03 17:08:08.766,11.70671,11.70982,0.00,0.00
2014.11.03 17:08:10.990,11.70681,11.70982,0.00,0.00
2014.11.03 17:08:11.300,11.70702,11.70982,0.00,0.00
2014.11.03 17:08:11.350,11.70672,11.70982,0.00,0.00
2014.11.03 17:08:12.016,11.70691,11.70982,0.00,0.00
2014.11.03 17:08:12.878,11.70692,11.70982,0.00,0.00
2014.11.03 17:08:13.187,11.70701,11.70982,0.00,0.00
2014.11.03 17:08:13.398,11.70671,11.70982,0.00,0.00
2014.11.03 17:08:17.168,11.70702,11.70982,0.00,0.00
2014.11.03 17:08:17.476,11.70721,11.71032,0.00,0.00
2014.11.03 17:08:17.690,11.70729,11.71049,0.00,0.00
2014.11.03 17:08:17.741,11.7075,11.71049,0.00,0.00
2014.11.03 17:08:18.131,11.70791,11.71032,0.00,0.00
2014.11.03 17:08:18.388,11.70717,11.70981,0.00,0.00
2014.11.03 17:08:18.489,11.70711,11.70981,0.00,0.00
2014.11.03 17:08:18.878,11.70691,11.70981,0.00,0.00
2014.11.03 17:08:19.250,11.70791,11.71032,0.00,0.00
2014.11.03 17:08:19.351,11.70791,11.71039,0.00,0.00
2014.11.03 17:08:19.558,11.70791,11.71082,0.00,0.00
2014.11.03 17:08:19.711,11.70762,11.71031,0.00,0.00
2014.11.03 17:08:21.000,11.70722,11.71031,0.00,0.00
2014.11.03 17:08:21.329,11.70722,11.70981,0.00,0.00
2014.11.03 17:08:21.379,11.70712,11.70981,0.00,0.00
2014.11.03 17:08:22.308,11.70701,11.70981,0.00,0.00
2014.11.03 17:08:24.448,11.70691,11.70981,0.00,0.00
2014.11.03 17:08:24.550,11.70671,11.70981,0.00,0.00
2014.11.03 17:08:24.600,11.70686,11.70981,0.00,0.00
2014.11.03 17:08:24.909,11.70697,11.70981,0.00,0.00
2014.11.03 17:08:25.463,11.70691,11.70981,0.00,0.00
2014.11.03 17:08:25.514,11.70687,11.70981,0.00,0.00
2014.11.03 17:08:25.614,11.70671,11.70981,0.00,0.00
2014.11.03 17:08:25.717,11.70671,11.70942,0.00,0.00
2014.11.03 17:08:25.767,11.70662,11.70942,0.00,0.00
2014.11.03 17:08:25.918,11.70641,11.70942,0.00,0.00
2014.11.03 17:08:27.065,11.70651,11.70942,0.00,0.00
2014.11.03 17:08:27.196,11.70671,11.70982,0.00,0.00
2014.11.03 17:08:27.296,11.70701,11.70982,0.00,0.00
2014.11.03 17:08:31.561,11.70671,11.70941,0.00,0.00
2014.11.03 17:08:31.712,11.70611,11.70898,0.00,0.00
2014.11.03 17:08:33.011,11.70592,11.70898,0.00,0.00
2014.11.03 17:08:36.523,11.70672,11.70899,0.00,0.00
2014.11.03 17:08:36.624,11.70672,11.70982,0.00,0.00
2014.11.03 17:08:39.911,11.70691,11.70982,0.00,0.00
2014.11.03 17:08:41.119,11.70671,11.70982,0.00,0.00
2014.11.03 17:08:45.809,11.70671,11.70959,0.00,0.00
2014.11.03 17:08:46.242,11.70611,11.70891,0.00,0.00
2014.11.03 17:08:46.953,11.70611,11.70798,0.00,0.00
2014.11.03 17:08:47.083,11.70539,11.70798,0.00,0.00
2014.11.03 17:08:47.184,11.70541,11.70842,0.00,0.00
2014.11.03 17:08:49.323,11.70547,11.70842,0.00,0.00
2014.11.03 17:08:49.874,11.70561,11.70842,0.00,0.00
2014.11.03 17:08:50.692,11.70541,11.70842,0.00,0.00
2014.11.03 17:08:54.547,11.70531,11.70842,0.00,0.00
2014.11.03 17:08:56.410,11.70541,11.70842,0.00,0.00
2014.11.03 17:08:57.068,11.70531,11.70842,0.00,0.00
2014.11.03 17:08:57.179,11.70541,11.70842,0.00,0.00
2014.11.03 17:09:00.257,11.70531,11.70842,0.00,0.00
2014.11.03 17:09:00.484,11.70531,11.70792,0.00,0.00
2014.11.03 17:09:00.635,11.70492,11.70792,0.00,0.00
2014.11.03 17:09:00.686,11.70492,11.70755,0.00,0.00
2014.11.03 17:09:00.837,11.70461,11.70739,0.00,0.00
2014.11.03 17:09:00.887,11.70461,11.70731,0.00,0.00
2014.11.03 17:09:00.988,11.70461,11.70739,0.00,0.00
2014.11.03 17:09:01.039,11.70461,11.70692,0.00,0.00
2014.11.03 17:09:01.197,11.70461,11.70739,0.00,0.00
2014.11.03 17:09:01.806,11.70421,11.70739,0.00,0.00
2014.11.03 17:09:04.218,11.70432,11.70738,0.00,0.00
2014.11.03 17:09:12.597,11.70462,11.70738,0.00,0.00
2014.11.03 17:09:12.716,11.70462,11.70759,0.00,0.00
2014.11.03 17:09:12.826,11.70462,11.70741,0.00,0.00
2014.11.03 17:09:14.026,11.70451,11.70741,0.00,0.00
2014.11.03 17:09:19.306,11.70462,11.70741,0.00,0.00
2014.11.03 17:09:19.421,11.70472,11.70792,0.00,0.00
2014.11.03 17:09:20.937,11.70492,11.70792,0.00,0.00
2014.11.03 17:09:21.408,11.70457,11.70741,0.00,0.00
2014.11.03 17:09:21.708,11.70451,11.70741,0.00,0.00
2014.11.03 17:09:22.370,11.70431,11.70739,0.00,0.00
2014.11.03 17:09:22.521,11.70391,11.70692,0.00,0.00
2014.11.03 17:09:33.715,11.70411,11.70692,0.00,0.00
2014.11.03 17:09:33.816,11.70431,11.70729,0.00,0.00
2014.11.03 17:09:33.867,11.70431,11.70739,0.00,0.00
2014.11.03 17:09:34.501,11.70421,11.70698,0.00,0.00
2014.11.03 17:09:34.552,11.70411,11.70698,0.00,0.00
2014.11.03 17:09:34.602,11.70411,11.70692,0.00,0.00
2014.11.03 17:09:34.971,11.70411,11.70689,0.00,0.00
2014.11.03 17:09:35.146,11.70381,11.70689,0.00,0.00
2014.11.03 17:09:36.227,11.70392,11.70692,0.00,0.00
2014.11.03 17:09:36.673,11.70381,11.70689,0.00,0.00
2014.11.03 17:09:38.266,11.70391,11.70692,0.00,0.00
2014.11.03 17:09:38.652,11.70381,11.70689,0.00,0.00
2014.11.03 17:09:39.648,11.70392,11.70692,0.00,0.00
2014.11.03 17:09:54.045,11.70392,11.70698,0.00,0.00
2014.11.03 17:09:54.096,11.70432,11.70738,0.00,0.00
2014.11.03 17:09:54.196,11.70472,11.70788,0.00,0.00
2014.11.03 17:09:54.267,11.70491,11.70788,0.00,0.00
2014.11.03 17:09:55.385,11.70491,11.70791,0.00,0.00
2014.11.03 17:09:59.217,11.70492,11.70791,0.00,0.00
2014.11.03 17:10:00.545,11.70491,11.708,0.00,0.00
2014.11.03 17:10:00.596,11.70556,11.70819,0.00,0.00
2014.11.03 17:10:00.697,11.70542,11.70861,0.00,0.00
2014.11.03 17:10:00.904,11.70581,11.70841,0.00,0.00
2014.11.03 17:10:00.955,11.70581,11.70889,0.00,0.00
2014.11.03 17:10:01.565,11.70591,11.70889,0.00,0.00
2014.11.03 17:10:01.875,11.70591,11.70892,0.00,0.00
2014.11.03 17:10:04.503,11.70592,11.70888,0.00,0.00
2014.11.03 17:10:04.873,11.70592,11.70892,0.00,0.00
2014.11.03 17:10:06.082,11.70592,11.70878,0.00,0.00
2014.11.03 17:10:06.175,11.70592,11.70892,0.00,0.00
2014.11.03 17:10:06.976,11.70592,11.70887,0.00,0.00
2014.11.03 17:10:07.176,11.70592,11.70892,0.00,0.00
2014.11.03 17:10:07.409,11.70592,11.70887,0.00,0.00
2014.11.03 17:10:07.877,11.70592,11.70892,0.00,0.00
2014.11.03 17:10:08.391,11.70592,11.70886,0.00,0.00
2014.11.03 17:10:08.879,11.70592,11.70892,0.00,0.00
2014.11.03 17:10:09.289,11.70592,11.70877,0.00,0.00
2014.11.03 17:10:09.698,11.70592,11.70892,0.00,0.00
2014.11.03 17:10:10.041,11.70592,11.70839,0.00,0.00
2014.11.03 17:10:10.142,11.70492,11.70792,0.00,0.00
2014.11.03 17:10:10.193,11.70492,11.70789,0.00,0.00
2014.11.03 17:10:10.382,11.70492,11.70792,0.00,0.00
2014.11.03 17:10:10.821,11.70492,11.70788,0.00,0.00
2014.11.03 17:10:11.723,11.70492,11.70792,0.00,0.00
2014.11.03 17:10:14.317,11.70491,11.70792,0.00,0.00
2014.11.03 17:10:17.148,11.70492,11.70792,0.00,0.00
2014.11.03 17:10:24.402,11.70511,11.70792,0.00,0.00
2014.11.03 17:10:24.502,11.70501,11.70792,0.00,0.00
2014.11.03 17:10:25.403,11.70492,11.70792,0.00,0.00
2014.11.03 17:10:27.158,11.70491,11.70792,0.00,0.00
2014.11.03 17:10:40.465,11.70491,11.70741,0.00,0.00
2014.11.03 17:10:40.566,11.70416,11.70708,0.00,0.00
2014.11.03 17:10:40.617,11.70452,11.70742,0.00,0.00
2014.11.03 17:10:41.161,11.70411,11.70692,0.00,0.00
2014.11.03 17:10:41.816,11.70391,11.70692,0.00,0.00
2014.11.03 17:10:49.758,11.70412,11.70692,0.00,0.00
2014.11.03 17:10:50.060,11.70412,11.70704,0.00,0.00
2014.11.03 17:10:50.255,11.70412,11.70691,0.00,0.00
2014.11.03 17:10:50.916,11.70412,11.70632,0.00,0.00
2014.11.03 17:10:50.967,11.7035,11.70632,0.00,0.00
2014.11.03 17:10:51.111,11.70341,11.70582,0.00,0.00
2014.11.03 17:10:51.262,11.70341,11.70631,0.00,0.00
2014.11.03 17:10:53.037,11.70362,11.70631,0.00,0.00
2014.11.03 17:10:53.190,11.70391,11.70684,0.00,0.00
2014.11.03 17:10:53.291,11.70391,11.70692,0.00,0.00
2014.11.03 17:10:53.997,11.70382,11.70688,0.00,0.00
2014.11.03 17:10:54.791,11.70382,11.70686,0.00,0.00
2014.11.03 17:10:55.050,11.70382,11.70688,0.00,0.00
2014.11.03 17:11:00.534,11.70358,11.70638,0.00,0.00
2014.11.03 17:11:00.585,11.70339,11.70638,0.00,0.00
2014.11.03 17:11:00.690,11.70332,11.70632,0.00,0.00
2014.11.03 17:11:01.035,11.70339,11.70638,0.00,0.00
2014.11.03 17:11:01.186,11.70332,11.70632,0.00,0.00
2014.11.03 17:11:01.368,11.70341,11.70632,0.00,0.00
2014.11.03 17:11:02.485,11.70382,11.70582,0.00,0.00
2014.11.03 17:11:02.586,11.70355,11.70638,0.00,0.00
2014.11.03 17:11:02.687,11.70342,11.70581,0.00,0.00
2014.11.03 17:11:02.737,11.70327,11.70581,0.00,0.00
2014.11.03 17:11:02.788,11.70292,11.70581,0.00,0.00
2014.11.03 17:11:03.567,11.70291,11.70581,0.00,0.00
2014.11.03 17:11:04.391,11.70292,11.70581,0.00,0.00
2014.11.03 17:11:05.482,11.70291,11.70581,0.00,0.00
2014.11.03 17:11:06.427,11.70292,11.70581,0.00,0.00
2014.11.03 17:11:20.024,11.70291,11.70581,0.00,0.00
2014.11.03 17:11:20.589,11.70292,11.70581,0.00,0.00
2014.11.03 17:11:20.968,11.70292,11.70531,0.00,0.00
2014.11.03 17:11:21.019,11.70212,11.70509,0.00,0.00
2014.11.03 17:11:21.120,11.70212,11.70504,0.00,0.00
2014.11.03 17:11:21.578,11.70212,11.70481,0.00,0.00
2014.11.03 17:11:22.406,11.70201,11.70481,0.00,0.00
2014.11.03 17:11:26.035,11.70211,11.70481,0.00,0.00
2014.11.03 17:11:26.236,11.70292,11.70582,0.00,0.00
2014.11.03 17:11:34.882,11.70382,11.70582,0.00,0.00
2014.11.03 17:11:35.054,11.70382,11.70688,0.00,0.00
2014.11.03 17:11:35.314,11.70382,11.70678,0.00,0.00
2014.11.03 17:11:35.415,11.70382,11.70688,0.00,0.00
2014.11.03 17:11:37.017,11.70382,11.7068,0.00,0.00
2014.11.03 17:11:37.217,11.70382,11.70688,0.00,0.00
2014.11.03 17:11:37.920,11.70382,11.70677,0.00,0.00
2014.11.03 17:11:38.718,11.70391,11.70677,0.00,0.00
2014.11.03 17:11:38.768,11.70391,11.70692,0.00,0.00
2014.11.03 17:11:41.484,11.70412,11.70692,0.00,0.00
2014.11.03 17:11:41.736,11.70492,11.70788,0.00,0.00
2014.11.03 17:11:42.476,11.70492,11.70787,0.00,0.00
2014.11.03 17:11:43.468,11.70492,11.70777,0.00,0.00
2014.11.03 17:11:49.637,11.70492,11.70791,0.00,0.00
2014.11.03 17:11:49.938,11.70492,11.7078,0.00,0.00
2014.11.03 17:11:50.139,11.70546,11.70842,0.00,0.00
2014.11.03 17:11:50.739,11.70541,11.70842,0.00,0.00
2014.11.03 17:11:52.742,11.70547,11.70842,0.00,0.00
2014.11.03 17:11:53.287,11.70547,11.70849,0.00,0.00
2014.11.03 17:11:53.337,11.70561,11.70849,0.00,0.00
2014.11.03 17:11:53.388,11.70582,11.70888,0.00,0.00
2014.11.03 17:11:58.149,11.70582,11.70873,0.00,0.00
2014.11.03 17:11:59.426,11.7054,11.70808,0.00,0.00
2014.11.03 17:11:59.560,11.70512,11.70798,0.00,0.00
2014.11.03 17:11:59.653,11.70512,11.70779,0.00,0.00
2014.11.03 17:11:59.754,11.70512,11.70792,0.00,0.00
2014.11.03 17:12:00.804,11.70492,11.70792,0.00,0.00
2014.11.03 17:12:00.955,11.70492,11.70779,0.00,0.00
2014.11.03 17:12:01.457,11.70492,11.70791,0.00,0.00
2014.11.03 17:12:02.390,11.70492,11.70778,0.00,0.00
2014.11.03 17:12:02.904,11.70492,11.7079,0.00,0.00
2014.11.03 17:12:02.964,11.70492,11.70777,0.00,0.00
2014.11.03 17:12:03.868,11.70492,11.70792,0.00,0.00
2014.11.03 17:12:05.480,11.70492,11.70779,0.00,0.00
2014.11.03 17:12:06.001,11.70492,11.70791,0.00,0.00
2014.11.03 17:12:07.227,11.70492,11.7078,0.00,0.00
2014.11.03 17:12:07.704,11.70492,11.70792,0.00,0.00
2014.11.03 17:12:08.697,11.70492,11.70779,0.00,0.00
2014.11.03 17:12:09.301,11.70492,11.70792,0.00,0.00
2014.11.03 17:12:13.166,11.70491,11.70792,0.00,0.00
2014.11.03 17:12:14.420,11.70502,11.70792,0.00,0.00
2014.11.03 17:12:14.521,11.70542,11.70841,0.00,0.00
2014.11.03 17:12:15.264,11.70581,11.70841,0.00,0.00
2014.11.03 17:12:15.315,11.70581,11.70889,0.00,0.00
2014.11.03 17:12:15.425,11.70581,11.70876,0.00,0.00
2014.11.03 17:12:15.728,11.70541,11.70792,0.00,0.00
2014.11.03 17:12:15.879,11.70582,11.70888,0.00,0.00
2014.11.03 17:12:16.052,11.70582,11.70879,0.00,0.00
2014.11.03 17:12:16.130,11.70582,11.70888,0.00,0.00
2014.11.03 17:12:20.797,11.70591,11.70891,0.00,0.00
2014.11.03 17:12:21.457,11.70682,11.70891,0.00,0.00
2014.11.03 17:12:21.558,11.70682,11.70942,0.00,0.00
2014.11.03 17:12:21.663,11.70682,11.70982,0.00,0.00
2014.11.03 17:12:22.280,11.70682,11.70979,0.00,0.00
2014.11.03 17:12:22.381,11.70682,11.70982,0.00,0.00
2014.11.03 17:12:22.482,11.70682,11.70979,0.00,0.00
2014.11.03 17:12:23.436,11.70702,11.70979,0.00,0.00
2014.11.03 17:12:23.587,11.70702,11.70982,0.00,0.00
2014.11.03 17:12:23.962,11.70739,11.70982,0.00,0.00
2014.11.03 17:12:24.113,11.70781,11.71082,0.00,0.00
2014.11.03 17:12:24.419,11.70781,11.71031,0.00,0.00
2014.11.03 17:12:24.722,11.70762,11.70972,0.00,0.00
2014.11.03 17:12:24.773,11.70762,11.70982,0.00,0.00
2014.11.03 17:12:24.824,11.70681,11.70982,0.00,0.00
2014.11.03 17:12:25.378,11.70681,11.70972,0.00,0.00
2014.11.03 17:12:26.286,11.70681,11.70942,0.00,0.00
2014.11.03 17:12:26.336,11.70639,11.70919,0.00,0.00
2014.11.03 17:12:26.387,11.70628,11.70919,0.00,0.00
2014.11.03 17:12:26.437,11.70611,11.70899,0.00,0.00
2014.11.03 17:12:26.802,11.70611,11.70892,0.00,0.00
2014.11.03 17:12:27.335,11.70611,11.70889,0.00,0.00
2014.11.03 17:12:27.644,11.70581,11.70889,0.00,0.00
2014.11.03 17:12:28.763,11.70592,11.70892,0.00,0.00
2014.11.03 17:12:29.443,11.70591,11.70892,0.00,0.00
2014.11.03 17:12:33.339,11.70592,11.70892,0.00,0.00
2014.11.03 17:12:34.683,11.70611,11.70892,0.00,0.00
2014.11.03 17:12:34.935,11.70681,11.70982,0.00,0.00
2014.11.03 17:12:35.242,11.70701,11.70982,0.00,0.00
2014.11.03 17:12:36.663,11.70791,11.71015,0.00,0.00
2014.11.03 17:12:36.767,11.70791,11.71039,0.00,0.00
2014.11.03 17:12:36.884,11.70791,11.71081,0.00,0.00
2014.11.03 17:12:37.375,11.70792,11.71073,0.00,0.00
2014.11.03 17:12:39.249,11.70792,11.71081,0.00,0.00
2014.11.03 17:12:40.933,11.70792,11.71077,0.00,0.00
2014.11.03 17:12:41.033,11.70792,11.71081,0.00,0.00
2014.11.03 17:12:41.538,11.70791,11.71081,0.00,0.00
2014.11.03 17:12:41.841,11.7075,11.71032,0.00,0.00
2014.11.03 17:12:41.943,11.70741,11.71032,0.00,0.00
2014.11.03 17:12:42.466,11.70742,11.71032,0.00,0.00
2014.11.03 17:12:43.154,11.70741,11.71032,0.00,0.00
2014.11.03 17:12:43.866,11.70749,11.71032,0.00,0.00
2014.11.03 17:12:44.018,11.70792,11.71082,0.00,0.00
2014.11.03 17:12:47.948,11.70793,11.71082,0.00,0.00
2014.11.03 17:12:48.324,11.70811,11.71082,0.00,0.00
2014.11.03 17:12:48.425,11.70832,11.71114,0.00,0.00
2014.11.03 17:12:48.525,11.70832,11.71131,0.00,0.00
2014.11.03 17:12:48.725,11.70838,11.71138,0.00,0.00
2014.11.03 17:12:48.825,11.70838,11.71151,0.00,0.00
2014.11.03 17:12:48.876,11.70811,11.71131,0.00,0.00
2014.11.03 17:12:49.077,11.70821,11.71131,0.00,0.00
2014.11.03 17:12:49.352,11.70811,11.71131,0.00,0.00
2014.11.03 17:12:49.471,11.7085,11.71131,0.00,0.00
2014.11.03 17:12:49.522,11.70862,11.7115,0.00,0.00
2014.11.03 17:12:49.623,11.70828,11.71098,0.00,0.00
2014.11.03 17:12:49.673,11.70792,11.71098,0.00,0.00
2014.11.03 17:12:49.724,11.70792,11.71081,0.00,0.00
2014.11.03 17:12:50.047,11.70792,11.71096,0.00,0.00
2014.11.03 17:12:50.098,11.7084,11.71119,0.00,0.00
2014.11.03 17:12:50.155,11.70822,11.71119,0.00,0.00
2014.11.03 17:12:50.217,11.70862,11.71119,0.00,0.00
2014.11.03 17:12:50.318,11.70805,11.71099,0.00,0.00
2014.11.03 17:12:50.369,11.70791,11.71099,0.00,0.00
2014.11.03 17:12:50.419,11.70791,11.71081,0.00,0.00
2014.11.03 17:12:50.632,11.70792,11.71098,0.00,0.00
2014.11.03 17:12:50.733,11.70792,11.71082,0.00,0.00
2014.11.03 17:12:51.512,11.70821,11.71082,0.00,0.00
2014.11.03 17:12:51.673,11.70861,11.71186,0.00,0.00
2014.11.03 17:12:52.233,11.70861,11.71169,0.00,0.00
2014.11.03 17:12:52.283,11.70821,11.71132,0.00,0.00
2014.11.03 17:12:53.454,11.70839,11.71149,0.00,0.00
2014.11.03 17:12:54.047,11.70861,11.71168,0.00,0.00
2014.11.03 17:12:54.393,11.70825,11.71131,0.00,0.00
2014.11.03 17:12:55.472,11.70847,11.71131,0.00,0.00
2014.11.03 17:12:56.455,11.70861,11.71168,0.00,0.00
2014.11.03 17:12:57.343,11.70861,11.71189,0.00,0.00
2014.11.03 17:12:57.444,11.70871,11.71189,0.00,0.00
2014.11.03 17:12:59.213,11.70871,11.71169,0.00,0.00
2014.11.03 17:12:59.329,11.70828,11.71131,0.00,0.00
2014.11.03 17:13:00.163,11.70828,11.71081,0.00,0.00
2014.11.03 17:13:00.214,11.70791,11.71081,0.00,0.00
2014.11.03 17:13:00.415,11.70782,11.71081,0.00,0.00
2014.11.03 17:13:02.715,11.70791,11.71099,0.00,0.00
2014.11.03 17:13:02.888,11.70791,11.71085,0.00,0.00
2014.11.03 17:13:03.215,11.70791,11.71081,0.00,0.00
2014.11.03 17:13:04.453,11.70791,11.71099,0.00,0.00
2014.11.03 17:13:04.503,11.70822,11.71119,0.00,0.00
2014.11.03 17:13:05.373,11.70822,11.71132,0.00,0.00
2014.11.03 17:13:05.893,11.70821,11.71132,0.00,0.00
2014.11.03 17:13:06.394,11.70821,11.71122,0.00,0.00
2014.11.03 17:13:06.803,11.70791,11.71081,0.00,0.00
2014.11.03 17:13:06.886,11.70782,11.71081,0.00,0.00
2014.11.03 17:13:07.436,11.70791,11.71081,0.00,0.00
2014.11.03 17:13:08.536,11.70792,11.71081,0.00,0.00
2014.11.03 17:13:11.651,11.70782,11.71081,0.00,0.00
2014.11.03 17:13:13.358,11.70791,11.71081,0.00,0.00
2014.11.03 17:13:14.503,11.70792,11.71081,0.00,0.00
2014.11.03 17:13:14.705,11.70861,11.71168,0.00,0.00
2014.11.03 17:13:15.932,11.70861,11.71192,0.00,0.00
2014.11.03 17:13:16.588,11.70861,11.71173,0.00,0.00
2014.11.03 17:13:18.312,11.70861,11.71082,0.00,0.00
2014.11.03 17:13:18.363,11.70822,11.71082,0.00,0.00
2014.11.03 17:13:18.464,11.70821,11.71118,0.00,0.00
2014.11.03 17:13:19.691,11.70821,11.71131,0.00,0.00
2014.11.03 17:13:20.364,11.70832,11.71131,0.00,0.00
2014.11.03 17:13:20.856,11.70821,11.71131,0.00,0.00
2014.11.03 17:13:22.564,11.70847,11.71131,0.00,0.00
2014.11.03 17:13:23.092,11.70829,11.71131,0.00,0.00
2014.11.03 17:13:23.795,11.70852,11.71131,0.00,0.00
2014.11.03 17:13:23.845,11.70861,11.7118,0.00,0.00
2014.11.03 17:13:23.896,11.70861,11.71191,0.00,0.00
2014.11.03 17:13:24.474,11.70862,11.71174,0.00,0.00
2014.11.03 17:13:24.776,11.70862,11.71191,0.00,0.00
2014.11.03 17:13:25.895,11.70871,11.71191,0.00,0.00
2014.11.03 17:13:27.333,11.70871,11.71174,0.00,0.00
2014.11.03 17:13:27.658,11.70862,11.71174,0.00,0.00
2014.11.03 17:13:28.792,11.70862,11.71186,0.00,0.00
2014.11.03 17:13:28.993,11.70862,11.71191,0.00,0.00
2014.11.03 17:13:30.097,11.70862,11.71185,0.00,0.00
2014.11.03 17:13:30.533,11.70862,11.71174,0.00,0.00
2014.11.03 17:13:31.521,11.70862,11.71186,0.00,0.00
2014.11.03 17:13:31.621,11.70862,11.71173,0.00,0.00
2014.11.03 17:13:31.801,11.70862,11.71185,0.00,0.00
2014.11.03 17:13:32.327,11.70862,11.71174,0.00,0.00
2014.11.03 17:13:32.733,11.70862,11.71172,0.00,0.00
2014.11.03 17:13:33.038,11.70862,11.71191,0.00,0.00
2014.11.03 17:13:33.344,11.70862,11.71186,0.00,0.00
2014.11.03 17:13:33.807,11.70862,11.71191,0.00,0.00
2014.11.03 17:13:34.054,11.70862,11.71173,0.00,0.00
2014.11.03 17:13:35.113,11.70862,11.71191,0.00,0.00
2014.11.03 17:13:35.865,11.70871,11.71191,0.00,0.00
2014.11.03 17:13:36.855,11.70871,11.71188,0.00,0.00
2014.11.03 17:13:37.482,11.70891,11.71188,0.00,0.00
2014.11.03 17:13:37.533,11.70891,11.71191,0.00,0.00
2014.11.03 17:13:37.636,11.70882,11.71188,0.00,0.00
2014.11.03 17:13:41.865,11.70892,11.71189,0.00,0.00
2014.11.03 17:13:41.971,11.70892,11.71191,0.00,0.00
2014.11.03 17:13:43.086,11.70892,11.71178,0.00,0.00
2014.11.03 17:13:43.454,11.70892,11.71189,0.00,0.00
2014.11.03 17:13:44.549,11.70892,11.71178,0.00,0.00
2014.11.03 17:13:44.650,11.70881,11.71178,0.00,0.00
2014.11.03 17:13:45.275,11.70862,11.71178,0.00,0.00
2014.11.03 17:13:46.367,11.70862,11.71174,0.00,0.00
2014.11.03 17:13:46.696,11.70892,11.71191,0.00,0.00
2014.11.03 17:13:47.166,11.70892,11.71188,0.00,0.00
2014.11.03 17:13:47.255,11.70882,11.71188,0.00,0.00
2014.11.03 17:13:47.695,11.70891,11.71191,0.00,0.00
2014.11.03 17:13:48.245,11.70881,11.71189,0.00,0.00
2014.11.03 17:13:48.296,11.70881,11.71178,0.00,0.00
2014.11.03 17:13:48.607,11.70881,11.71189,0.00,0.00
2014.11.03 17:13:50.446,11.70882,11.71188,0.00,0.00
2014.11.03 17:13:52.511,11.70882,11.71175,0.00,0.00
2014.11.03 17:13:52.773,11.70882,11.71187,0.00,0.00
2014.11.03 17:13:53.306,11.70871,11.71187,0.00,0.00
2014.11.03 17:13:53.782,11.70862,11.71174,0.00,0.00
2014.11.03 17:13:54.192,11.70881,11.71189,0.00,0.00
2014.11.03 17:13:56.483,11.70881,11.71177,0.00,0.00
2014.11.03 17:13:58.301,11.70881,11.71188,0.00,0.00
2014.11.03 17:14:00.202,11.70881,11.71176,0.00,0.00
2014.11.03 17:14:00.252,11.70862,11.71176,0.00,0.00
2014.11.03 17:14:00.502,11.70862,11.71187,0.00,0.00
2014.11.03 17:14:01.404,11.70862,11.71173,0.00,0.00
2014.11.03 17:14:02.205,11.70862,11.71191,0.00,0.00
2014.11.03 17:14:02.255,11.70881,11.71189,0.00,0.00
2014.11.03 17:14:02.805,11.70881,11.71177,0.00,0.00
2014.11.03 17:14:04.638,11.70871,11.71177,0.00,0.00
2014.11.03 17:14:04.739,11.70871,11.71191,0.00,0.00
2014.11.03 17:14:05.735,11.70882,11.71188,0.00,0.00
2014.11.03 17:14:11.153,11.70882,11.71177,0.00,0.00
2014.11.03 17:14:11.361,11.70862,11.71177,0.00,0.00
2014.11.03 17:14:11.635,11.70862,11.71191,0.00,0.00
2014.11.03 17:14:11.719,11.70862,11.71174,0.00,0.00
2014.11.03 17:14:12.420,11.70862,11.71191,0.00,0.00
2014.11.03 17:14:12.820,11.70862,11.71174,0.00,0.00
2014.11.03 17:14:13.821,11.70862,11.71191,0.00,0.00
2014.11.03 17:14:14.031,11.70862,11.71174,0.00,0.00
2014.11.03 17:14:14.132,11.70862,11.71191,0.00,0.00
2014.11.03 17:14:14.232,11.70872,11.71191,0.00,0.00
2014.11.03 17:14:15.266,11.70872,11.71177,0.00,0.00
2014.11.03 17:14:15.316,11.70862,11.71177,0.00,0.00
2014.11.03 17:14:16.427,11.70862,11.71191,0.00,0.00
2014.11.03 17:14:18.839,11.70862,11.71179,0.00,0.00
2014.11.03 17:14:19.507,11.70862,11.7118,0.00,0.00
2014.11.03 17:14:19.967,11.70862,11.71191,0.00,0.00
2014.11.03 17:14:20.807,11.70871,11.71191,0.00,0.00
2014.11.03 17:14:21.931,11.70911,11.71191,0.00,0.00
2014.11.03 17:14:22.233,11.70961,11.712,0.00,0.00
2014.11.03 17:14:22.284,11.70938,11.71185,0.00,0.00
2014.11.03 17:14:22.411,11.70911,11.71185,0.00,0.00
2014.11.03 17:14:22.645,11.70911,11.71192,0.00,0.00
2014.11.03 17:14:22.811,11.70891,11.71192,0.00,0.00
2014.11.03 17:14:23.258,11.70891,11.71185,0.00,0.00
2014.11.03 17:14:23.447,11.70891,11.71192,0.00,0.00
2014.11.03 17:14:23.856,11.70891,11.71186,0.00,0.00
2014.11.03 17:14:24.038,11.70881,11.71186,0.00,0.00
2014.11.03 17:14:24.351,11.70881,11.71189,0.00,0.00
2014.11.03 17:14:25.561,11.70881,11.71185,0.00,0.00
2014.11.03 17:14:25.974,11.70861,11.71185,0.00,0.00
2014.11.03 17:14:29.478,11.70861,11.71192,0.00,0.00
2014.11.03 17:14:29.867,11.70861,11.71181,0.00,0.00
2014.11.03 17:14:30.868,11.70861,11.71192,0.00,0.00
2014.11.03 17:14:31.169,11.70861,11.7117,0.00,0.00
2014.11.03 17:14:32.271,11.70861,11.71159,0.00,0.00
2014.11.03 17:14:33.277,11.70861,11.7117,0.00,0.00
2014.11.03 17:14:33.490,11.70861,11.7116,0.00,0.00
2014.11.03 17:14:35.655,11.70871,11.7116,0.00,0.00
2014.11.03 17:14:35.706,11.70871,11.71171,0.00,0.00
2014.11.03 17:14:35.764,11.70861,11.71171,0.00,0.00
2014.11.03 17:14:36.974,11.70862,11.71171,0.00,0.00
2014.11.03 17:14:37.585,11.70862,11.7116,0.00,0.00
2014.11.03 17:14:38.891,11.70862,11.71172,0.00,0.00
2014.11.03 17:14:39.703,11.70862,11.7116,0.00,0.00
2014.11.03 17:14:39.804,11.70862,11.71173,0.00,0.00
2014.11.03 17:14:41.223,11.70862,11.7116,0.00,0.00
2014.11.03 17:14:42.538,11.70862,11.71174,0.00,0.00
2014.11.03 17:14:43.599,11.70862,11.7116,0.00,0.00
2014.11.03 17:14:43.800,11.70862,11.7117,0.00,0.00
2014.11.03 17:14:45.113,11.70862,11.71159,0.00,0.00
2014.11.03 17:14:45.454,11.70862,11.7109,0.00,0.00
2014.11.03 17:14:45.505,11.70801,11.71078,0.00,0.00
2014.11.03 17:14:45.555,11.70801,11.71063,0.00,0.00
2014.11.03 17:14:45.656,11.70801,11.71078,0.00,0.00
2014.11.03 17:14:45.812,11.70781,11.71078,0.00,0.00
2014.11.03 17:14:46.121,11.70792,11.71062,0.00,0.00
2014.11.03 17:14:46.445,11.70781,11.71062,0.00,0.00
2014.11.03 17:14:47.123,11.70781,11.7105,0.00,0.00
2014.11.03 17:14:47.430,11.70772,11.71019,0.00,0.00
2014.11.03 17:14:47.692,11.70729,11.70997,0.00,0.00
2014.11.03 17:14:47.807,11.70682,11.70974,0.00,0.00
2014.11.03 17:14:48.160,11.70682,11.70981,0.00,0.00
2014.11.03 17:14:51.060,11.70682,11.70975,0.00,0.00
2014.11.03 17:14:51.174,11.70651,11.70975,0.00,0.00
2014.11.03 17:14:51.368,11.70651,11.70981,0.00,0.00
2014.11.03 17:14:51.419,11.70671,11.70981,0.00,0.00
2014.11.03 17:14:52.061,11.70651,11.70981,0.00,0.00
2014.11.03 17:14:52.179,11.70651,11.70969,0.00,0.00
2014.11.03 17:14:52.785,11.70651,11.70981,0.00,0.00
2014.11.03 17:14:54.624,11.70671,11.70981,0.00,0.00
2014.11.03 17:14:55.369,11.70671,11.7097,0.00,0.00
2014.11.03 17:14:55.947,11.70671,11.70981,0.00,0.00
2014.11.03 17:14:57.552,11.70671,11.70969,0.00,0.00
2014.11.03 17:15:00.899,11.70671,11.70981,0.00,0.00
2014.11.03 17:15:03.166,11.70671,11.7097,0.00,0.00
2014.11.03 17:15:04.461,11.70672,11.7097,0.00,0.00
2014.11.03 17:15:04.768,11.70672,11.70981,0.00,0.00
2014.11.03 17:15:08.620,11.70662,11.70969,0.00,0.00
2014.11.03 17:15:08.974,11.70662,11.70981,0.00,0.00
2014.11.03 17:15:09.926,11.70671,11.70981,0.00,0.00
2014.11.03 17:15:10.884,11.70671,11.7098,0.00,0.00
2014.11.03 17:15:11.218,11.70671,11.70967,0.00,0.00
2014.11.03 17:15:12.009,11.70652,11.70967,0.00,0.00
2014.11.03 17:15:12.589,11.70652,11.70979,0.00,0.00
2014.11.03 17:15:12.668,11.70671,11.70979,0.00,0.00
2014.11.03 17:15:12.718,11.70671,11.70981,0.00,0.00
2014.11.03 17:15:14.093,11.70671,11.7098,0.00,0.00
2014.11.03 17:15:14.458,11.70652,11.7098,0.00,0.00
2014.11.03 17:15:14.508,11.70652,11.70968,0.00,0.00
2014.11.03 17:15:14.902,11.70652,11.70981,0.00,0.00
2014.11.03 17:15:15.004,11.70652,11.70967,0.00,0.00
2014.11.03 17:15:17.540,11.70652,11.70979,0.00,0.00
2014.11.03 17:15:19.969,11.70652,11.70965,0.00,0.00
2014.11.03 17:15:20.698,11.70661,11.70965,0.00,0.00
2014.11.03 17:15:20.749,11.70661,11.70981,0.00,0.00
2014.11.03 17:15:21.528,11.70661,11.70978,0.00,0.00
2014.11.03 17:15:24.686,11.70651,11.70978,0.00,0.00
2014.11.03 17:15:24.790,11.70651,11.70966,0.00,0.00
2014.11.03 17:15:27.604,11.70651,11.70948,0.00,0.00
2014.11.03 17:15:27.906,11.70571,11.70842,0.00,0.00
2014.11.03 17:15:28.305,11.70531,11.70842,0.00,0.00
2014.11.03 17:15:28.517,11.70523,11.70839,0.00,0.00
2014.11.03 17:15:28.568,11.70489,11.70782,0.00,0.00
2014.11.03 17:15:28.669,11.70472,11.70779,0.00,0.00
2014.11.03 17:15:28.951,11.70472,11.70791,0.00,0.00
2014.11.03 17:15:29.095,11.70472,11.70777,0.00,0.00
2014.11.03 17:15:29.196,11.70472,11.70791,0.00,0.00
2014.11.03 17:15:29.499,11.70472,11.7078,0.00,0.00
2014.11.03 17:15:29.701,11.70472,11.70791,0.00,0.00
2014.11.03 17:15:30.453,11.70472,11.70776,0.00,0.00
2014.11.03 17:15:30.655,11.70471,11.70788,0.00,0.00
2014.11.03 17:15:31.164,11.70471,11.70769,0.00,0.00
2014.11.03 17:15:31.264,11.70461,11.70769,0.00,0.00
2014.11.03 17:15:31.315,11.70461,11.70741,0.00,0.00
2014.11.03 17:15:31.384,11.70461,11.70769,0.00,0.00
2014.11.03 17:15:32.257,11.70472,11.70769,0.00,0.00
2014.11.03 17:15:32.594,11.70472,11.70788,0.00,0.00
2014.11.03 17:15:32.900,11.70471,11.70792,0.00,0.00
2014.11.03 17:15:33.458,11.70482,11.70792,0.00,0.00
2014.11.03 17:15:34.476,11.70482,11.70787,0.00,0.00
2014.11.03 17:15:35.085,11.70482,11.70776,0.00,0.00
2014.11.03 17:15:35.136,11.70471,11.70776,0.00,0.00
2014.11.03 17:15:36.363,11.70471,11.70792,0.00,0.00
2014.11.03 17:15:37.584,11.70471,11.70789,0.00,0.00
2014.11.03 17:15:40.108,11.70471,11.70792,0.00,0.00
2014.11.03 17:15:40.209,11.70482,11.70792,0.00,0.00
2014.11.03 17:15:40.793,11.70482,11.70776,0.00,0.00
2014.11.03 17:15:40.870,11.70482,11.70792,0.00,0.00
2014.11.03 17:15:40.970,11.70482,11.70786,0.00,0.00
2014.11.03 17:15:41.071,11.70472,11.70786,0.00,0.00
2014.11.03 17:15:42.164,11.70452,11.70786,0.00,0.00
2014.11.03 17:15:42.215,11.70452,11.70772,0.00,0.00
2014.11.03 17:15:42.372,11.70452,11.70784,0.00,0.00
2014.11.03 17:15:44.147,11.7044,11.70698,0.00,0.00
2014.11.03 17:15:44.314,11.70395,11.70689,0.00,0.00
2014.11.03 17:15:44.468,11.70402,11.70691,0.00,0.00
2014.11.03 17:15:44.519,11.70404,11.70741,0.00,0.00
2014.11.03 17:15:44.619,11.7042,11.70741,0.00,0.00
2014.11.03 17:15:44.820,11.70407,11.70741,0.00,0.00
2014.11.03 17:15:44.877,11.70402,11.70738,0.00,0.00
2014.11.03 17:15:45.231,11.70412,11.70738,0.00,0.00
2014.11.03 17:15:45.540,11.70462,11.70769,0.00,0.00
2014.11.03 17:15:45.591,11.70462,11.70791,0.00,0.00
2014.11.03 17:15:45.997,11.70462,11.70778,0.00,0.00
2014.11.03 17:15:46.126,11.70462,11.7079,0.00,0.00
2014.11.03 17:15:49.684,11.70462,11.70767,0.00,0.00
2014.11.03 17:15:50.417,11.70472,11.7079,0.00,0.00
2014.11.03 17:15:50.485,11.70472,11.70792,0.00,0.00
2014.11.03 17:15:50.585,11.70472,11.70782,0.00,0.00
2014.11.03 17:15:50.686,11.70472,11.70792,0.00,0.00
2014.11.03 17:15:50.863,11.70482,11.70792,0.00,0.00
2014.11.03 17:15:51.357,11.70482,11.70783,0.00,0.00
2014.11.03 17:15:51.408,11.70472,11.70783,0.00,0.00
2014.11.03 17:15:52.288,11.70472,11.70792,0.00,0.00
2014.11.03 17:16:00.801,11.70472,11.70766,0.00,0.00
2014.11.03 17:16:01.341,11.70472,11.7079,0.00,0.00
2014.11.03 17:16:02.003,11.70472,11.70766,0.00,0.00
2014.11.03 17:16:02.351,11.70481,11.70791,0.00,0.00
2014.11.03 17:16:02.704,11.70481,11.70768,0.00,0.00
2014.11.03 17:16:02.813,11.70481,11.7078,0.00,0.00
2014.11.03 17:16:03.405,11.70481,11.70767,0.00,0.00
2014.11.03 17:16:03.529,11.70471,11.70767,0.00,0.00
2014.11.03 17:16:03.906,11.70471,11.70791,0.00,0.00
2014.11.03 17:16:03.957,11.70481,11.70791,0.00,0.00
2014.11.03 17:16:06.310,11.70481,11.70772,0.00,0.00
2014.11.03 17:16:06.411,11.70481,11.70792,0.00,0.00
2014.11.03 17:16:07.354,11.70561,11.7084,0.00,0.00
2014.11.03 17:16:07.405,11.70561,11.70842,0.00,0.00
2014.11.03 17:16:07.456,11.70581,11.70842,0.00,0.00
2014.11.03 17:16:07.506,11.70581,11.70868,0.00,0.00
2014.11.03 17:16:08.367,11.70591,11.70868,0.00,0.00
2014.11.03 17:16:08.674,11.70591,11.70886,0.00,0.00
2014.11.03 17:16:09.216,11.70591,11.70862,0.00,0.00
2014.11.03 17:16:10.917,11.70591,11.70884,0.00,0.00
2014.11.03 17:16:12.821,11.70591,11.70891,0.00,0.00
2014.11.03 17:16:12.997,11.70582,11.70888,0.00,0.00
2014.11.03 17:16:16.759,11.70582,11.70883,0.00,0.00
2014.11.03 17:16:17.728,11.70582,11.7087,0.00,0.00
2014.11.03 17:16:18.560,11.70582,11.7088,0.00,0.00
2014.11.03 17:16:20.233,11.70582,11.70888,0.00,0.00
2014.11.03 17:16:20.635,11.70582,11.70868,0.00,0.00
2014.11.03 17:16:20.763,11.70582,11.70888,0.00,0.00
2014.11.03 17:16:21.807,11.70589,11.70888,0.00,0.00
2014.11.03 17:16:22.109,11.70672,11.70968,0.00,0.00
2014.11.03 17:16:23.184,11.70672,11.7096,0.00,0.00
2014.11.03 17:16:23.341,11.70672,11.70971,0.00,0.00
2014.11.03 17:16:23.547,11.70672,11.7096,0.00,0.00
2014.11.03 17:16:26.846,11.70672,11.7098,0.00,0.00
2014.11.03 17:16:27.594,11.70672,11.70968,0.00,0.00
2014.11.03 17:16:27.846,11.70572,11.70892,0.00,0.00
2014.11.03 17:16:27.896,11.70572,11.70868,0.00,0.00
2014.11.03 17:16:29.023,11.70541,11.70868,0.00,0.00
2014.11.03 17:16:30.723,11.70541,11.70842,0.00,0.00
2014.11.03 17:16:30.824,11.70524,11.70838,0.00,0.00
2014.11.03 17:16:31.023,11.70513,11.70838,0.00,0.00
2014.11.03 17:16:31.074,11.70525,11.70838,0.00,0.00
2014.11.03 17:16:31.313,11.70542,11.70869,0.00,0.00
2014.11.03 17:16:31.823,11.70552,11.70869,0.00,0.00
2014.11.03 17:16:32.103,11.70552,11.70884,0.00,0.00
2014.11.03 17:16:34.152,11.70562,11.70884,0.00,0.00
2014.11.03 17:16:34.474,11.70562,11.70866,0.00,0.00
2014.11.03 17:16:34.579,11.70562,11.70888,0.00,0.00
2014.11.03 17:16:35.097,11.70572,11.70878,0.00,0.00
2014.11.03 17:16:36.007,11.70582,11.70888,0.00,0.00
2014.11.03 17:16:36.635,11.70572,11.70878,0.00,0.00
2014.11.03 17:16:37.226,11.70582,11.70888,0.00,0.00
2014.11.03 17:16:38.782,11.70582,11.70874,0.00,0.00
2014.11.03 17:16:38.883,11.70562,11.70874,0.00,0.00
2014.11.03 17:16:41.025,11.70562,11.70888,0.00,0.00
2014.11.03 17:16:41.488,11.70562,11.70882,0.00,0.00
2014.11.03 17:16:41.837,11.70562,11.70888,0.00,0.00
2014.11.03 17:16:42.140,11.70571,11.70879,0.00,0.00
2014.11.03 17:16:44.298,11.70571,11.7087,0.00,0.00
2014.11.03 17:16:45.340,11.70571,11.70879,0.00,0.00
2014.11.03 17:16:46.697,11.70571,11.70869,0.00,0.00
2014.11.03 17:16:49.396,11.70561,11.70869,0.00,0.00
2014.11.03 17:16:49.447,11.70561,11.70881,0.00,0.00
2014.11.03 17:16:51.005,11.70561,11.70889,0.00,0.00
2014.11.03 17:16:51.056,11.70572,11.70878,0.00,0.00
2014.11.03 17:16:51.157,11.7062,11.70939,0.00,0.00
2014.11.03 17:16:51.408,11.70611,11.70939,0.00,0.00
2014.11.03 17:16:53.682,11.70611,11.70919,0.00,0.00
2014.11.03 17:16:53.984,11.70571,11.70879,0.00,0.00
2014.11.03 17:16:56.021,11.70572,11.70879,0.00,0.00
2014.11.03 17:16:56.123,11.70608,11.70942,0.00,0.00
2014.11.03 17:16:56.415,11.70602,11.7093,0.00,0.00
2014.11.03 17:16:56.716,11.70612,11.70942,0.00,0.00
2014.11.03 17:16:56.816,11.70612,11.70929,0.00,0.00
2014.11.03 17:17:01.463,11.70611,11.70929,0.00,0.00
2014.11.03 17:17:04.228,11.70611,11.70889,0.00,0.00
2014.11.03 17:17:04.279,11.70588,11.70888,0.00,0.00
2014.11.03 17:17:04.380,11.70571,11.70879,0.00,0.00
2014.11.03 17:17:06.076,11.70582,11.70888,0.00,0.00
2014.11.03 17:17:10.164,11.70588,11.70888,0.00,0.00
2014.11.03 17:17:10.315,11.70617,11.70939,0.00,0.00
2014.11.03 17:17:10.666,11.70611,11.70939,0.00,0.00
2014.11.03 17:17:10.808,11.70611,11.70936,0.00,0.00
2014.11.03 17:17:11.143,11.70582,11.70888,0.00,0.00
2014.11.03 17:17:11.502,11.70572,11.70872,0.00,0.00
2014.11.03 17:17:12.075,11.70572,11.70878,0.00,0.00
2014.11.03 17:17:13.267,11.70581,11.70889,0.00,0.00
2014.11.03 17:17:13.984,11.70581,11.70883,0.00,0.00
2014.11.03 17:17:14.168,11.70584,11.70891,0.00,0.00
2014.11.03 17:17:14.218,11.70618,11.70891,0.00,0.00
2014.11.03 17:17:14.269,11.70618,11.70928,0.00,0.00
2014.11.03 17:17:14.369,11.70618,11.70892,0.00,0.00
2014.11.03 17:17:14.420,11.70582,11.70892,0.00,0.00
2014.11.03 17:17:14.471,11.70573,11.70892,0.00,0.00
2014.11.03 17:17:14.988,11.70598,11.70892,0.00,0.00
2014.11.03 17:17:15.038,11.70612,11.70928,0.00,0.00
2014.11.03 17:17:15.089,11.70616,11.70928,0.00,0.00
2014.11.03 17:17:15.323,11.70612,11.70927,0.00,0.00
2014.11.03 17:17:16.076,11.70612,11.70928,0.00,0.00
2014.11.03 17:17:16.342,11.70612,11.70919,0.00,0.00
2014.11.03 17:17:16.493,11.70571,11.70879,0.00,0.00
2014.11.03 17:17:22.318,11.70571,11.70869,0.00,0.00
2014.11.03 17:17:22.720,11.70571,11.70879,0.00,0.00
2014.11.03 17:17:25.227,11.70571,11.70868,0.00,0.00
2014.11.03 17:17:25.278,11.70541,11.70839,0.00,0.00
2014.11.03 17:17:25.379,11.70488,11.70778,0.00,0.00
2014.11.03 17:17:25.480,11.70472,11.70774,0.00,0.00
2014.11.03 17:17:25.614,11.70472,11.70778,0.00,0.00
2014.11.03 17:17:25.831,11.70472,11.70773,0.00,0.00
2014.11.03 17:17:26.170,11.70472,11.70739,0.00,0.00
2014.11.03 17:17:26.351,11.70431,11.70739,0.00,0.00
2014.11.03 17:17:26.771,11.70439,11.70739,0.00,0.00
2014.11.03 17:17:27.238,11.70481,11.70768,0.00,0.00
2014.11.03 17:17:27.671,11.70481,11.70791,0.00,0.00
2014.11.03 17:17:28.643,11.70521,11.70799,0.00,0.00
2014.11.03 17:17:28.744,11.70489,11.70799,0.00,0.00
2014.11.03 17:17:28.795,11.70538,11.70799,0.00,0.00
2014.11.03 17:17:28.861,11.70481,11.70792,0.00,0.00
2014.11.03 17:17:29.145,11.70493,11.70792,0.00,0.00
2014.11.03 17:17:29.196,11.70493,11.70799,0.00,0.00
2014.11.03 17:17:29.296,11.70522,11.70839,0.00,0.00
2014.11.03 17:17:29.452,11.70524,11.70839,0.00,0.00
2014.11.03 17:17:29.742,11.70511,11.70839,0.00,0.00
2014.11.03 17:17:30.319,11.70499,11.70799,0.00,0.00
2014.11.03 17:17:30.369,11.70489,11.7079,0.00,0.00
2014.11.03 17:17:30.420,11.70481,11.7079,0.00,0.00
2014.11.03 17:17:30.471,11.70472,11.70779,0.00,0.00
2014.11.03 17:17:31.234,11.70471,11.70779,0.00,0.00
2014.11.03 17:17:33.592,11.70471,11.70742,0.00,0.00
2014.11.03 17:17:33.643,11.70446,11.70738,0.00,0.00
2014.11.03 17:17:33.744,11.70428,11.70738,0.00,0.00
2014.11.03 17:17:33.861,11.70412,11.70738,0.00,0.00
2014.11.03 17:17:34.095,11.70407,11.70689,0.00,0.00
2014.11.03 17:17:34.215,11.70381,11.70689,0.00,0.00
2014.11.03 17:17:34.613,11.70372,11.70678,0.00,0.00
2014.11.03 17:17:35.205,11.70381,11.70689,0.00,0.00
2014.11.03 17:17:35.624,11.70371,11.70679,0.00,0.00
2014.11.03 17:17:36.012,11.70388,11.70679,0.00,0.00
2014.11.03 17:17:36.062,11.70388,11.70699,0.00,0.00
2014.11.03 17:17:36.176,11.70411,11.70714,0.00,0.00
2014.11.03 17:17:36.226,11.70411,11.70719,0.00,0.00
2014.11.03 17:17:36.327,11.70423,11.70719,0.00,0.00
2014.11.03 17:17:36.378,11.70423,11.70742,0.00,0.00
2014.11.03 17:17:36.520,11.70411,11.70742,0.00,0.00
2014.11.03 17:17:37.689,11.7041,11.70689,0.00,0.00
2014.11.03 17:17:37.740,11.70388,11.70689,0.00,0.00
2014.11.03 17:17:37.840,11.70381,11.70611,0.00,0.00
2014.11.03 17:17:37.941,11.70338,11.70578,0.00,0.00
2014.11.03 17:17:37.992,11.70321,11.70578,0.00,0.00
2014.11.03 17:17:38.491,11.70292,11.70578,0.00,0.00
2014.11.03 17:17:42.746,11.70282,11.70578,0.00,0.00
2014.11.03 17:17:42.982,11.70251,11.70528,0.00,0.00
2014.11.03 17:17:43.033,11.70228,11.70528,0.00,0.00
2014.11.03 17:17:43.134,11.70212,11.70528,0.00,0.00
2014.11.03 17:17:43.526,11.70218,11.70528,0.00,0.00
2014.11.03 17:17:43.634,11.70212,11.70528,0.00,0.00
2014.11.03 17:17:46.836,11.70218,11.70528,0.00,0.00
2014.11.03 17:17:48.111,11.70218,11.70482,0.00,0.00
2014.11.03 17:17:48.284,11.70181,11.70482,0.00,0.00
2014.11.03 17:17:48.703,11.70185,11.70482,0.00,0.00
2014.11.03 17:17:48.754,11.70181,11.70482,0.00,0.00
2014.11.03 17:17:49.970,11.70186,11.70482,0.00,0.00
2014.11.03 17:17:50.071,11.70181,11.70482,0.00,0.00
2014.11.03 17:17:50.241,11.70174,11.70482,0.00,0.00
2014.11.03 17:17:50.342,11.70162,11.70482,0.00,0.00
2014.11.03 17:17:52.262,11.70151,11.70482,0.00,0.00
2014.11.03 17:17:53.256,11.70166,11.70482,0.00,0.00
2014.11.03 17:17:53.865,11.70151,11.70482,0.00,0.00
2014.11.03 17:17:56.177,11.70152,11.70482,0.00,0.00
2014.11.03 17:17:56.508,11.70165,11.70482,0.00,0.00
2014.11.03 17:17:57.264,11.70152,11.70482,0.00,0.00
2014.11.03 17:17:58.817,11.70162,11.70482,0.00,0.00
2014.11.03 17:17:59.186,11.70166,11.70482,0.00,0.00
2014.11.03 17:17:59.530,11.70262,11.70532,0.00,0.00
2014.11.03 17:17:59.581,11.70262,11.70578,0.00,0.00
2014.11.03 17:18:00.966,11.70262,11.7056,0.00,0.00
2014.11.03 17:18:01.509,11.70262,11.70579,0.00,0.00
2014.11.03 17:18:01.877,11.70262,11.70567,0.00,0.00
2014.11.03 17:18:02.852,11.70262,11.70532,0.00,0.00
2014.11.03 17:18:02.902,11.70237,11.70529,0.00,0.00
2014.11.03 17:18:03.003,11.70217,11.70529,0.00,0.00
2014.11.03 17:18:03.109,11.70211,11.70526,0.00,0.00
2014.11.03 17:18:03.210,11.70211,11.70529,0.00,0.00
2014.11.03 17:18:03.311,11.70216,11.70529,0.00,0.00
2014.11.03 17:18:04.772,11.70211,11.70529,0.00,0.00
2014.11.03 17:18:07.877,11.70219,11.70529,0.00,0.00
2014.11.03 17:18:08.358,11.70282,11.70582,0.00,0.00
2014.11.03 17:18:08.982,11.70282,11.70563,0.00,0.00
2014.11.03 17:18:09.083,11.70261,11.70563,0.00,0.00
2014.11.03 17:18:09.301,11.70231,11.70528,0.00,0.00
2014.11.03 17:18:09.351,11.70219,11.70528,0.00,0.00
2014.11.03 17:18:09.402,11.70212,11.70528,0.00,0.00
2014.11.03 17:18:11.090,11.70224,11.70528,0.00,0.00
2014.11.03 17:18:11.141,11.70224,11.70532,0.00,0.00
2014.11.03 17:18:11.478,11.70224,11.70529,0.00,0.00
2014.11.03 17:18:11.528,11.70211,11.70529,0.00,0.00
2014.11.03 17:18:14.236,11.70282,11.70532,0.00,0.00
2014.11.03 17:18:14.337,11.70282,11.70582,0.00,0.00
2014.11.03 17:18:21.357,11.70281,11.70582,0.00,0.00
2014.11.03 17:18:24.729,11.70281,11.70574,0.00,0.00
2014.11.03 17:18:24.854,11.70262,11.7056,0.00,0.00
2014.11.03 17:18:25.621,11.70262,11.70532,0.00,0.00
2014.11.03 17:18:25.722,11.7022,11.70528,0.00,0.00
2014.11.03 17:18:25.828,11.70212,11.70528,0.00,0.00
2014.11.03 17:18:27.261,11.70221,11.70528,0.00,0.00
2014.11.03 17:18:27.362,11.70212,11.70528,0.00,0.00
2014.11.03 17:18:27.712,11.70212,11.70482,0.00,0.00
2014.11.03 17:18:27.813,11.70207,11.70482,0.00,0.00
2014.11.03 17:18:27.913,11.70181,11.70482,0.00,0.00
2014.11.03 17:18:28.143,11.70184,11.70482,0.00,0.00
2014.11.03 17:18:28.193,11.70184,11.70498,0.00,0.00
2014.11.03 17:18:28.244,11.70281,11.70532,0.00,0.00
2014.11.03 17:18:28.294,11.70281,11.70539,0.00,0.00
2014.11.03 17:18:28.397,11.70281,11.70582,0.00,0.00
2014.11.03 17:18:28.582,11.70281,11.70563,0.00,0.00
2014.11.03 17:18:28.643,11.70281,11.70582,0.00,0.00
2014.11.03 17:18:29.119,11.70292,11.70582,0.00,0.00
2014.11.03 17:18:32.395,11.70282,11.70582,0.00,0.00
2014.11.03 17:18:32.466,11.70282,11.70569,0.00,0.00
2014.11.03 17:18:32.732,11.70239,11.70528,0.00,0.00
2014.11.03 17:18:32.783,11.70232,11.70528,0.00,0.00
2014.11.03 17:18:32.884,11.70212,11.70482,0.00,0.00
2014.11.03 17:18:32.997,11.70212,11.70529,0.00,0.00
2014.11.03 17:18:33.052,11.70244,11.70529,0.00,0.00
2014.11.03 17:18:33.103,11.70261,11.70582,0.00,0.00
2014.11.03 17:18:33.870,11.70261,11.70481,0.00,0.00
2014.11.03 17:18:33.971,11.70219,11.70481,0.00,0.00
2014.11.03 17:18:34.022,11.70182,11.70481,0.00,0.00
2014.11.03 17:18:35.456,11.70189,11.70481,0.00,0.00
2014.11.03 17:18:35.557,11.70182,11.70481,0.00,0.00
2014.11.03 17:18:36.173,11.70212,11.70481,0.00,0.00
2014.11.03 17:18:36.324,11.70222,11.70528,0.00,0.00
2014.11.03 17:18:36.425,11.70222,11.70482,0.00,0.00
2014.11.03 17:18:36.532,11.70222,11.70528,0.00,0.00
2014.11.03 17:18:36.583,11.70212,11.70528,0.00,0.00
2014.11.03 17:18:37.961,11.70222,11.70528,0.00,0.00
2014.11.03 17:18:38.262,11.70281,11.70562,0.00,0.00
2014.11.03 17:18:38.562,11.70281,11.70574,0.00,0.00
2014.11.03 17:18:39.164,11.70281,11.7056,0.00,0.00
2014.11.03 17:18:39.265,11.70222,11.70529,0.00,0.00
2014.11.03 17:18:39.414,11.70212,11.70529,0.00,0.00
2014.11.03 17:18:39.865,11.70222,11.70529,0.00,0.00
2014.11.03 17:18:41.022,11.70229,11.70529,0.00,0.00
2014.11.03 17:18:41.404,11.70281,11.70581,0.00,0.00
2014.11.03 17:18:42.671,11.70281,11.70562,0.00,0.00
2014.11.03 17:18:43.772,11.70281,11.70581,0.00,0.00
2014.11.03 17:18:44.273,11.70281,11.70577,0.00,0.00
2014.11.03 17:18:44.804,11.70281,11.70581,0.00,0.00
2014.11.03 17:18:46.146,11.70291,11.70581,0.00,0.00
2014.11.03 17:18:46.585,11.70281,11.70581,0.00,0.00
2014.11.03 17:18:46.714,11.70281,11.70578,0.00,0.00
2014.11.03 17:18:47.394,11.70281,11.70581,0.00,0.00
2014.11.03 17:18:47.878,11.70281,11.70578,0.00,0.00
2014.11.03 17:18:49.585,11.70271,11.70578,0.00,0.00
2014.11.03 17:18:51.439,11.70281,11.70578,0.00,0.00
2014.11.03 17:18:51.490,11.70281,11.70581,0.00,0.00
2014.11.03 17:18:52.286,11.70281,11.70558,0.00,0.00
2014.11.03 17:18:52.337,11.70261,11.70558,0.00,0.00
2014.11.03 17:18:53.803,11.70261,11.70579,0.00,0.00
2014.11.03 17:18:55.196,11.70282,11.70579,0.00,0.00
2014.11.03 17:18:55.599,11.70282,11.70568,0.00,0.00
2014.11.03 17:18:56.484,11.70272,11.70568,0.00,0.00
2014.11.03 17:18:56.535,11.70272,11.70532,0.00,0.00
2014.11.03 17:18:56.636,11.70221,11.70532,0.00,0.00
2014.11.03 17:18:57.475,11.70212,11.70528,0.00,0.00
2014.11.03 17:19:02.689,11.70212,11.70482,0.00,0.00
2014.11.03 17:19:02.841,11.70211,11.70519,0.00,0.00
2014.11.03 17:19:04.139,11.70211,11.70529,0.00,0.00
2014.11.03 17:19:08.692,11.70221,11.70529,0.00,0.00
2014.11.03 17:19:09.189,11.70281,11.70532,0.00,0.00
2014.11.03 17:19:09.301,11.70281,11.70573,0.00,0.00
2014.11.03 17:19:09.617,11.70292,11.70573,0.00,0.00
2014.11.03 17:19:10.823,11.70282,11.70559,0.00,0.00
2014.11.03 17:19:12.538,11.70282,11.70578,0.00,0.00
2014.11.03 17:19:12.720,11.70282,11.70566,0.00,0.00
2014.11.03 17:19:13.045,11.70282,11.70578,0.00,0.00
2014.11.03 17:19:13.579,11.70291,11.70579,0.00,0.00
2014.11.03 17:19:14.671,11.70291,11.70567,0.00,0.00
2014.11.03 17:19:14.772,11.70281,11.70559,0.00,0.00
2014.11.03 17:19:20.051,11.70292,11.70578,0.00,0.00
2014.11.03 17:19:21.332,11.70292,11.70559,0.00,0.00
2014.11.03 17:19:21.673,11.70361,11.70581,0.00,0.00
2014.11.03 17:19:21.833,11.70322,11.70581,0.00,0.00
2014.11.03 17:19:21.934,11.70311,11.70629,0.00,0.00
2014.11.03 17:19:32.401,11.70311,11.70582,0.00,0.00
2014.11.03 17:19:32.501,11.70291,11.70582,0.00,0.00
2014.11.03 17:19:32.564,11.70291,11.70578,0.00,0.00
2014.11.03 17:19:33.168,11.70291,11.70582,0.00,0.00
2014.11.03 17:19:33.268,11.70291,11.70574,0.00,0.00
2014.11.03 17:19:34.375,11.70291,11.70582,0.00,0.00
2014.11.03 17:19:39.707,11.70291,11.70558,0.00,0.00
2014.11.03 17:19:40.109,11.70311,11.70558,0.00,0.00
2014.11.03 17:19:40.224,11.70311,11.7058,0.00,0.00
2014.11.03 17:19:40.391,11.70311,11.70559,0.00,0.00
2014.11.03 17:19:41.539,11.70292,11.70559,0.00,0.00
2014.11.03 17:19:41.999,11.70281,11.70559,0.00,0.00
2014.11.03 17:19:44.310,11.70292,11.70559,0.00,0.00
2014.11.03 17:19:44.410,11.70292,11.70579,0.00,0.00
2014.11.03 17:19:46.950,11.70312,11.70579,0.00,0.00
2014.11.03 17:19:47.051,11.70312,11.70625,0.00,0.00
2014.11.03 17:19:48.120,11.70312,11.70614,0.00,0.00
2014.11.03 17:19:49.178,11.70312,11.70626,0.00,0.00
2014.11.03 17:19:50.029,11.70312,11.70628,0.00,0.00
2014.11.03 17:19:52.099,11.70361,11.70628,0.00,0.00
2014.11.03 17:19:52.199,11.70371,11.70663,0.00,0.00
2014.11.03 17:19:52.250,11.70371,11.70675,0.00,0.00
2014.11.03 17:19:52.334,11.70361,11.70675,0.00,0.00
2014.11.03 17:19:52.435,11.70361,11.70631,0.00,0.00
2014.11.03 17:19:52.870,11.70361,11.70628,0.00,0.00
2014.11.03 17:19:53.580,11.70312,11.70628,0.00,0.00
2014.11.03 17:19:54.445,11.70361,11.70634,0.00,0.00
2014.11.03 17:19:54.496,11.70361,11.70653,0.00,0.00
2014.11.03 17:19:54.597,11.70361,11.70672,0.00,0.00
2014.11.03 17:19:54.647,11.70338,11.70629,0.00,0.00
2014.11.03 17:19:54.728,11.7033,11.70629,0.00,0.00
2014.11.03 17:19:54.779,11.7032,11.70629,0.00,0.00
2014.11.03 17:19:54.879,11.70361,11.70629,0.00,0.00
2014.11.03 17:19:56.279,11.70311,11.70629,0.00,0.00
2014.11.03 17:19:57.038,11.70339,11.70629,0.00,0.00
2014.11.03 17:19:57.089,11.70361,11.70666,0.00,0.00
2014.11.03 17:19:57.190,11.70372,11.70666,0.00,0.00
2014.11.03 17:19:58.473,11.70372,11.70678,0.00,0.00
2014.11.03 17:19:59.078,11.70381,11.70678,0.00,0.00
2014.11.03 17:19:59.458,11.70388,11.70678,0.00,0.00
2014.11.03 17:19:59.609,11.70471,11.70774,0.00,0.00
2014.11.03 17:19:59.777,11.70471,11.70762,0.00,0.00
2014.11.03 17:19:59.878,11.70471,11.70775,0.00,0.00
2014.11.03 17:20:00.208,11.70471,11.70763,0.00,0.00
2014.11.03 17:20:00.380,11.70471,11.70775,0.00,0.00
2014.11.03 17:20:00.680,11.70471,11.70763,0.00,0.00
2014.11.03 17:20:01.198,11.70471,11.70774,0.00,0.00
2014.11.03 17:20:01.882,11.70471,11.70763,0.00,0.00
2014.11.03 17:20:06.090,11.70471,11.70777,0.00,0.00
2014.11.03 17:20:06.633,11.70481,11.70777,0.00,0.00
2014.11.03 17:20:08.328,11.70481,11.70788,0.00,0.00
2014.11.03 17:20:08.695,11.70481,11.70774,0.00,0.00
2014.11.03 17:20:10.467,11.70512,11.70774,0.00,0.00
2014.11.03 17:20:10.517,11.70512,11.70792,0.00,0.00
2014.11.03 17:20:10.568,11.70512,11.70795,0.00,0.00
2014.11.03 17:20:10.618,11.70512,11.70765,0.00,0.00
2014.11.03 17:20:11.898,11.70471,11.70765,0.00,0.00
2014.11.03 17:20:17.716,11.70471,11.70777,0.00,0.00
2014.11.03 17:20:17.766,11.70482,11.70777,0.00,0.00
2014.11.03 17:20:17.882,11.70471,11.70777,0.00,0.00
2014.11.03 17:20:18.217,11.70471,11.70763,0.00,0.00
2014.11.03 17:20:21.652,11.70471,11.70775,0.00,0.00
2014.11.03 17:20:21.828,11.70471,11.70763,0.00,0.00
2014.11.03 17:20:25.218,11.70471,11.70739,0.00,0.00
2014.11.03 17:20:25.369,11.70438,11.70738,0.00,0.00
2014.11.03 17:20:25.419,11.70411,11.70691,0.00,0.00
2014.11.03 17:20:25.527,11.70411,11.70708,0.00,0.00
2014.11.03 17:20:25.578,11.70411,11.70728,0.00,0.00
2014.11.03 17:20:25.678,11.70411,11.70717,0.00,0.00
2014.11.03 17:20:26.008,11.70382,11.70679,0.00,0.00
2014.11.03 17:20:27.156,11.70382,11.70688,0.00,0.00
2014.11.03 17:20:28.634,11.70371,11.70679,0.00,0.00
2014.11.03 17:20:29.069,11.70371,11.70659,0.00,0.00
2014.11.03 17:20:29.371,11.70361,11.70629,0.00,0.00
2014.11.03 17:20:29.625,11.70311,11.70629,0.00,0.00
2014.11.03 17:20:31.250,11.70339,11.70629,0.00,0.00
2014.11.03 17:20:31.588,11.70461,11.70738,0.00,0.00
2014.11.03 17:20:31.950,11.70481,11.7077,0.00,0.00
2014.11.03 17:20:32.497,11.70481,11.70758,0.00,0.00
2014.11.03 17:20:33.408,11.70472,11.70758,0.00,0.00
2014.11.03 17:20:33.458,11.70472,11.70742,0.00,0.00
2014.11.03 17:20:33.509,11.70416,11.70739,0.00,0.00
2014.11.03 17:20:35.100,11.70416,11.70692,0.00,0.00
2014.11.03 17:20:35.251,11.70371,11.70679,0.00,0.00
2014.11.03 17:20:35.352,11.70371,11.70674,0.00,0.00
2014.11.03 17:20:35.718,11.70371,11.70679,0.00,0.00
2014.11.03 17:20:36.165,11.70371,11.70691,0.00,0.00
2014.11.03 17:20:36.215,11.70388,11.70691,0.00,0.00
2014.11.03 17:20:36.266,11.70411,11.70734,0.00,0.00
2014.11.03 17:20:38.177,11.70439,11.70734,0.00,0.00
2014.11.03 17:20:38.331,11.70471,11.70773,0.00,0.00
2014.11.03 17:20:40.039,11.70471,11.70759,0.00,0.00
2014.11.03 17:20:40.949,11.70471,11.70772,0.00,0.00
2014.11.03 17:20:42.466,11.70471,11.70758,0.00,0.00
2014.11.03 17:20:45.157,11.70471,11.70773,0.00,0.00
2014.11.03 17:20:45.458,11.70471,11.70758,0.00,0.00
2014.11.03 17:20:45.760,11.70411,11.70689,0.00,0.00
2014.11.03 17:20:46.161,11.70411,11.70663,0.00,0.00
2014.11.03 17:20:46.462,11.70411,11.70683,0.00,0.00
2014.11.03 17:20:46.921,11.70381,11.70683,0.00,0.00
2014.11.03 17:20:47.183,11.70371,11.70664,0.00,0.00
2014.11.03 17:20:47.284,11.70371,11.70691,0.00,0.00
2014.11.03 17:20:47.416,11.70412,11.70716,0.00,0.00
2014.11.03 17:20:47.467,11.70412,11.70738,0.00,0.00
2014.11.03 17:20:47.768,11.70412,11.70723,0.00,0.00
2014.11.03 17:20:51.629,11.70412,11.70738,0.00,0.00
2014.11.03 17:20:51.836,11.70462,11.70742,0.00,0.00
2014.11.03 17:20:51.887,11.70462,11.70772,0.00,0.00
2014.11.03 17:20:51.937,11.70461,11.70738,0.00,0.00
2014.11.03 17:20:53.182,11.70416,11.70738,0.00,0.00
2014.11.03 17:21:03.106,11.70439,11.70738,0.00,0.00
2014.11.03 17:21:03.559,11.70472,11.7077,0.00,0.00
2014.11.03 17:21:04.026,11.70462,11.70739,0.00,0.00
2014.11.03 17:21:04.535,11.70416,11.70739,0.00,0.00
2014.11.03 17:21:09.326,11.70416,11.70738,0.00,0.00
2014.11.03 17:21:09.377,11.70416,11.70691,0.00,0.00
2014.11.03 17:21:09.478,11.70411,11.70691,0.00,0.00
2014.11.03 17:21:09.629,11.70424,11.70738,0.00,0.00
2014.11.03 17:21:09.829,11.70411,11.70738,0.00,0.00
2014.11.03 17:21:09.931,11.70423,11.70738,0.00,0.00
2014.11.03 17:21:10.132,11.70411,11.70738,0.00,0.00
2014.11.03 17:21:10.455,11.70424,11.70738,0.00,0.00
2014.11.03 17:21:11.014,11.70424,11.70739,0.00,0.00
2014.11.03 17:21:11.774,11.70411,11.70739,0.00,0.00
2014.11.03 17:21:12.126,11.70438,11.70739,0.00,0.00
2014.11.03 17:21:12.665,11.70472,11.70768,0.00,0.00
2014.11.03 17:21:32.422,11.70481,11.70768,0.00,0.00
2014.11.03 17:21:32.472,11.70481,11.70775,0.00,0.00
2014.11.03 17:21:32.769,11.70481,11.70784,0.00,0.00
2014.11.03 17:21:34.571,11.70481,11.70769,0.00,0.00
2014.11.03 17:21:34.672,11.70481,11.70783,0.00,0.00
2014.11.03 17:21:36.720,11.70561,11.70783,0.00,0.00
2014.11.03 17:21:36.876,11.70561,11.70838,0.00,0.00
2014.11.03 17:21:37.027,11.70571,11.70869,0.00,0.00
2014.11.03 17:21:38.207,11.70571,11.70879,0.00,0.00
2014.11.03 17:21:38.518,11.70571,11.70859,0.00,0.00
2014.11.03 17:21:38.883,11.70628,11.70889,0.00,0.00
2014.11.03 17:21:38.933,11.70651,11.7096,0.00,0.00
2014.11.03 17:21:40.026,11.70662,11.7096,0.00,0.00
2014.11.03 17:21:44.247,11.70672,11.7096,0.00,0.00
2014.11.03 17:21:46.589,11.70671,11.7096,0.00,0.00
2014.11.03 17:21:47.983,11.70662,11.7096,0.00,0.00
2014.11.03 17:21:48.207,11.70671,11.7096,0.00,0.00
2014.11.03 17:21:49.433,11.70671,11.70972,0.00,0.00
2014.11.03 17:21:51.199,11.70671,11.7096,0.00,0.00
2014.11.03 17:21:51.700,11.70671,11.70982,0.00,0.00
2014.11.03 17:21:51.751,11.70681,11.70982,0.00,0.00
2014.11.03 17:21:52.102,11.70671,11.70979,0.00,0.00
2014.11.03 17:21:52.742,11.70682,11.70979,0.00,0.00
2014.11.03 17:21:53.065,11.70682,11.70959,0.00,0.00
2014.11.03 17:21:53.116,11.70671,11.70959,0.00,0.00
2014.11.03 17:21:54.305,11.70671,11.70977,0.00,0.00
2014.11.03 17:21:54.392,11.70682,11.70977,0.00,0.00
2014.11.03 17:21:54.817,11.70771,11.71069,0.00,0.00
2014.11.03 17:21:55.385,11.70781,11.71069,0.00,0.00
2014.11.03 17:21:57.266,11.70792,11.71069,0.00,0.00
2014.11.03 17:21:58.682,11.70781,11.71069,0.00,0.00
2014.11.03 17:21:58.806,11.70791,11.71069,0.00,0.00
2014.11.03 17:21:59.166,11.70791,11.71058,0.00,0.00
2014.11.03 17:21:59.676,11.70781,11.71058,0.00,0.00
2014.11.03 17:21:59.727,11.70781,11.71076,0.00,0.00
2014.11.03 17:22:00.451,11.70781,11.71065,0.00,0.00
2014.11.03 17:22:06.130,11.70781,11.71077,0.00,0.00
2014.11.03 17:22:06.231,11.70781,11.71058,0.00,0.00
2014.11.03 17:22:09.185,11.70781,11.71078,0.00,0.00
2014.11.03 17:22:09.391,11.70771,11.71058,0.00,0.00
2014.11.03 17:22:09.496,11.70762,11.71058,0.00,0.00
2014.11.03 17:22:09.748,11.70762,11.71075,0.00,0.00
2014.11.03 17:22:09.985,11.70762,11.70981,0.00,0.00
2014.11.03 17:22:10.086,11.70731,11.70981,0.00,0.00
2014.11.03 17:22:10.187,11.70672,11.70981,0.00,0.00
2014.11.03 17:22:10.291,11.70672,11.7096,0.00,0.00
2014.11.03 17:22:10.452,11.70672,11.70981,0.00,0.00
2014.11.03 17:22:10.553,11.70672,11.70961,0.00,0.00
2014.11.03 17:22:11.304,11.70672,11.70971,0.00,0.00
2014.11.03 17:22:13.811,11.70672,11.70959,0.00,0.00
2014.11.03 17:22:13.912,11.70672,11.70972,0.00,0.00
2014.11.03 17:22:14.014,11.70672,11.70981,0.00,0.00
2014.11.03 17:22:14.299,11.70672,11.70942,0.00,0.00
2014.11.03 17:22:14.349,11.70652,11.70942,0.00,0.00
2014.11.03 17:22:14.450,11.70617,11.70929,0.00,0.00
2014.11.03 17:22:14.582,11.70611,11.70929,0.00,0.00
2014.11.03 17:22:14.633,11.70611,11.70879,0.00,0.00
2014.11.03 17:22:15.311,11.70611,11.70889,0.00,0.00
2014.11.03 17:22:15.666,11.70581,11.70889,0.00,0.00
2014.11.03 17:22:16.723,11.70571,11.70879,0.00,0.00
2014.11.03 17:22:17.026,11.70571,11.70842,0.00,0.00
2014.11.03 17:22:17.077,11.70561,11.70838,0.00,0.00
2014.11.03 17:22:17.177,11.70518,11.70838,0.00,0.00
2014.11.03 17:22:17.328,11.70512,11.70838,0.00,0.00
2014.11.03 17:22:17.432,11.70517,11.70838,0.00,0.00
2014.11.03 17:22:17.839,11.70512,11.70838,0.00,0.00
2014.11.03 17:22:18.592,11.70512,11.70791,0.00,0.00
2014.11.03 17:22:18.643,11.70486,11.70791,0.00,0.00
2014.11.03 17:22:18.697,11.70482,11.70778,0.00,0.00
2014.11.03 17:22:18.998,11.70482,11.70789,0.00,0.00
2014.11.03 17:22:19.099,11.70482,11.70791,0.00,0.00
2014.11.03 17:22:19.149,11.70472,11.70778,0.00,0.00
2014.11.03 17:22:19.601,11.70472,11.70765,0.00,0.00
2014.11.03 17:22:22.012,11.70472,11.70778,0.00,0.00
2014.11.03 17:22:23.239,11.70472,11.70771,0.00,0.00
2014.11.03 17:22:23.927,11.70472,11.70758,0.00,0.00
2014.11.03 17:22:24.672,11.70472,11.70778,0.00,0.00
2014.11.03 17:22:25.237,11.70482,11.70782,0.00,0.00
2014.11.03 17:22:25.287,11.70482,11.70791,0.00,0.00
2014.11.03 17:22:25.363,11.70471,11.70779,0.00,0.00
2014.11.03 17:22:28.491,11.70481,11.70779,0.00,0.00
2014.11.03 17:22:31.864,11.70481,11.70791,0.00,0.00
2014.11.03 17:22:35.877,11.70481,11.70788,0.00,0.00
2014.11.03 17:22:36.375,11.70472,11.70774,0.00,0.00
2014.11.03 17:22:36.682,11.70472,11.70778,0.00,0.00
2014.11.03 17:22:36.897,11.70471,11.70773,0.00,0.00
2014.11.03 17:22:37.215,11.70511,11.70839,0.00,0.00
2014.11.03 17:22:38.087,11.70511,11.70829,0.00,0.00
2014.11.03 17:22:38.804,11.70538,11.70829,0.00,0.00
2014.11.03 17:22:38.905,11.70571,11.70875,0.00,0.00
2014.11.03 17:22:40.594,11.70571,11.70859,0.00,0.00
2014.11.03 17:22:40.896,11.70571,11.70878,0.00,0.00
2014.11.03 17:22:41.297,11.70571,11.70866,0.00,0.00
2014.11.03 17:22:41.497,11.70571,11.70878,0.00,0.00
2014.11.03 17:22:42.100,11.70571,11.70879,0.00,0.00
2014.11.03 17:22:45.006,11.70582,11.70879,0.00,0.00
2014.11.03 17:22:46.916,11.70582,11.70866,0.00,0.00
2014.11.03 17:22:48.947,11.70582,11.70879,0.00,0.00
2014.11.03 17:22:49.120,11.70582,11.70858,0.00,0.00
2014.11.03 17:22:50.062,11.70582,11.70879,0.00,0.00
2014.11.03 17:22:50.123,11.70582,11.70867,0.00,0.00
2014.11.03 17:22:50.947,11.70582,11.7088,0.00,0.00
2014.11.03 17:22:51.527,11.70582,11.70864,0.00,0.00
2014.11.03 17:22:51.678,11.70611,11.70929,0.00,0.00
2014.11.03 17:22:51.729,11.7062,11.70929,0.00,0.00
2014.11.03 17:22:52.114,11.70629,11.70929,0.00,0.00
2014.11.03 17:22:52.266,11.70673,11.70981,0.00,0.00
2014.11.03 17:22:52.317,11.70711,11.70981,0.00,0.00
2014.11.03 17:22:52.367,11.70712,11.71015,0.00,0.00
2014.11.03 17:22:53.257,11.70762,11.7103,0.00,0.00
2014.11.03 17:22:53.357,11.70762,11.71061,0.00,0.00
2014.11.03 17:22:53.588,11.70772,11.71061,0.00,0.00
2014.11.03 17:22:53.923,11.70792,11.71061,0.00,0.00
2014.11.03 17:22:55.289,11.70792,11.71081,0.00,0.00
2014.11.03 17:23:04.371,11.70729,11.70989,0.00,0.00
2014.11.03 17:23:04.476,11.70711,11.70981,0.00,0.00
2014.11.03 17:23:05.605,11.70681,11.70981,0.00,0.00
2014.11.03 17:23:10.191,11.70641,11.70939,0.00,0.00
2014.11.03 17:23:10.371,11.70616,11.70929,0.00,0.00
2014.11.03 17:23:11.144,11.70628,11.70929,0.00,0.00
2014.11.03 17:23:11.314,11.70671,11.70982,0.00,0.00
2014.11.03 17:23:12.683,11.70671,11.70978,0.00,0.00
2014.11.03 17:23:12.883,11.70672,11.70982,0.00,0.00
2014.11.03 17:23:13.417,11.70672,11.70979,0.00,0.00
2014.11.03 17:23:14.618,11.70672,11.70982,0.00,0.00
2014.11.03 17:23:16.990,11.70672,11.70979,0.00,0.00
2014.11.03 17:23:17.537,11.70672,11.70931,0.00,0.00
2014.11.03 17:23:17.588,11.70628,11.70929,0.00,0.00
2014.11.03 17:23:17.689,11.70624,11.70929,0.00,0.00
2014.11.03 17:23:17.840,11.70611,11.70929,0.00,0.00
2014.11.03 17:23:17.892,11.70623,11.70929,0.00,0.00
2014.11.03 17:23:21.199,11.70612,11.70929,0.00,0.00
2014.11.03 17:23:24.337,11.70627,11.70929,0.00,0.00
2014.11.03 17:23:26.766,11.70615,11.70929,0.00,0.00
2014.11.03 17:23:27.637,11.70627,11.70929,0.00,0.00
2014.11.03 17:23:29.121,11.70671,11.70942,0.00,0.00
2014.11.03 17:23:29.221,11.70671,11.7097,0.00,0.00
2014.11.03 17:23:29.272,11.70671,11.70981,0.00,0.00
2014.11.03 17:23:36.400,11.70672,11.70981,0.00,0.00
2014.11.03 17:23:44.386,11.70672,11.70922,0.00,0.00
2014.11.03 17:23:44.437,11.70629,11.70888,0.00,0.00
2014.11.03 17:23:44.488,11.70611,11.70882,0.00,0.00
2014.11.03 17:23:44.850,11.70611,11.70879,0.00,0.00
2014.11.03 17:23:45.714,11.70571,11.70879,0.00,0.00
2014.11.03 17:23:50.611,11.70581,11.70889,0.00,0.00
2014.11.03 17:23:57.288,11.70586,11.70889,0.00,0.00
2014.11.03 17:23:57.688,11.70662,11.70928,0.00,0.00
2014.11.03 17:23:58.190,11.70672,11.70981,0.00,0.00
2014.11.03 17:23:59.724,11.70662,11.70981,0.00,0.00
2014.11.03 17:24:00.032,11.70671,11.70981,0.00,0.00
2014.11.03 17:24:02.335,11.70721,11.70981,0.00,0.00
2014.11.03 17:24:02.536,11.70772,11.71082,0.00,0.00
2014.11.03 17:24:03.221,11.70782,11.71082,0.00,0.00
2014.11.03 17:24:03.554,11.70772,11.71082,0.00,0.00
2014.11.03 17:24:03.604,11.70772,11.71071,0.00,0.00
2014.11.03 17:24:03.921,11.70772,11.71082,0.00,0.00
2014.11.03 17:24:07.573,11.70772,11.71032,0.00,0.00
2014.11.03 17:24:07.623,11.70762,11.71032,0.00,0.00
2014.11.03 17:24:07.724,11.70762,11.71082,0.00,0.00
2014.11.03 17:24:07.774,11.70772,11.71082,0.00,0.00
2014.11.03 17:24:08.742,11.70781,11.71082,0.00,0.00
2014.11.03 17:24:10.542,11.70781,11.71081,0.00,0.00
2014.11.03 17:24:12.577,11.70782,11.71081,0.00,0.00
2014.11.03 17:24:14.736,11.70782,11.71088,0.00,0.00
2014.11.03 17:24:14.836,11.70812,11.71129,0.00,0.00
2014.11.03 17:24:17.521,11.70792,11.71082,0.00,0.00
2014.11.03 17:24:18.638,11.70771,11.71082,0.00,0.00
2014.11.03 17:24:19.944,11.70772,11.71082,0.00,0.00
2014.11.03 17:24:20.628,11.70771,11.71082,0.00,0.00
2014.11.03 17:24:22.456,11.70771,11.71032,0.00,0.00
2014.11.03 17:24:22.507,11.70752,11.71029,0.00,0.00
2014.11.03 17:24:22.607,11.70772,11.71032,0.00,0.00
2014.11.03 17:24:22.658,11.70772,11.71081,0.00,0.00
2014.11.03 17:24:23.460,11.70771,11.71081,0.00,0.00
2014.11.03 17:24:23.738,11.70771,11.71071,0.00,0.00
2014.11.03 17:24:24.049,11.70709,11.70982,0.00,0.00
2014.11.03 17:24:24.150,11.70729,11.71039,0.00,0.00
2014.11.03 17:24:24.200,11.70725,11.71032,0.00,0.00
2014.11.03 17:24:24.513,11.70771,11.71032,0.00,0.00
2014.11.03 17:24:24.563,11.70762,11.71032,0.00,0.00
2014.11.03 17:24:24.714,11.70771,11.71032,0.00,0.00
2014.11.03 17:24:24.765,11.70771,11.71082,0.00,0.00
2014.11.03 17:24:29.310,11.70792,11.71082,0.00,0.00
2014.11.03 17:24:32.112,11.70812,11.71082,0.00,0.00
2014.11.03 17:24:32.263,11.70861,11.71192,0.00,0.00
2014.11.03 17:24:32.577,11.70861,11.7119,0.00,0.00
2014.11.03 17:24:32.879,11.70861,11.71128,0.00,0.00
2014.11.03 17:24:33.452,11.70812,11.71128,0.00,0.00
2014.11.03 17:24:34.749,11.70819,11.71128,0.00,0.00
2014.11.03 17:24:35.050,11.70812,11.71128,0.00,0.00
2014.11.03 17:24:35.151,11.70778,11.71089,0.00,0.00
2014.11.03 17:24:35.452,11.70771,11.71031,0.00,0.00
2014.11.03 17:24:35.654,11.70771,11.71082,0.00,0.00
2014.11.03 17:24:37.534,11.70812,11.71082,0.00,0.00
2014.11.03 17:24:37.763,11.70812,11.71088,0.00,0.00
2014.11.03 17:24:37.864,11.70812,11.71082,0.00,0.00
2014.11.03 17:24:38.952,11.70772,11.71082,0.00,0.00
2014.11.03 17:24:41.174,11.70791,11.71082,0.00,0.00
2014.11.03 17:24:41.550,11.70771,11.71082,0.00,0.00
2014.11.03 17:24:42.731,11.70792,11.71082,0.00,0.00
2014.11.03 17:24:45.500,11.70771,11.71082,0.00,0.00
2014.11.03 17:24:46.170,11.70792,11.71082,0.00,0.00
2014.11.03 17:24:51.299,11.70772,11.71082,0.00,0.00
2014.11.03 17:24:59.189,11.7078,11.71082,0.00,0.00
2014.11.03 17:24:59.536,11.70871,11.71179,0.00,0.00
2014.11.03 17:25:00.042,11.70871,11.71132,0.00,0.00
2014.11.03 17:25:00.243,11.70862,11.71132,0.00,0.00
2014.11.03 17:25:00.412,11.70862,11.71188,0.00,0.00
2014.11.03 17:25:00.462,11.70872,11.71178,0.00,0.00
2014.11.03 17:25:04.333,11.70872,11.7114,0.00,0.00
2014.11.03 17:25:04.434,11.70862,11.71132,0.00,0.00
2014.11.03 17:25:04.605,11.70862,11.71184,0.00,0.00
2014.11.03 17:25:04.706,11.70862,11.71188,0.00,0.00
2014.11.03 17:25:05.134,11.70911,11.71188,0.00,0.00
2014.11.03 17:25:05.637,11.70951,11.71192,0.00,0.00
2014.11.03 17:25:05.688,11.70951,11.71209,0.00,0.00
2014.11.03 17:25:05.739,11.70951,11.71221,0.00,0.00
2014.11.03 17:25:06.453,11.70961,11.71221,0.00,0.00
2014.11.03 17:25:08.115,11.70961,11.7122,0.00,0.00
2014.11.03 17:25:08.898,11.70961,11.71221,0.00,0.00
2014.11.03 17:25:10.879,11.70961,11.7122,0.00,0.00
2014.11.03 17:25:11.388,11.70961,11.71221,0.00,0.00
2014.11.03 17:25:11.899,11.70962,11.71221,0.00,0.00
2014.11.03 17:25:12.917,11.70962,11.7122,0.00,0.00
2014.11.03 17:25:13.241,11.70971,11.71268,0.00,0.00
2014.11.03 17:25:13.313,11.70971,11.71271,0.00,0.00
2014.11.03 17:25:13.364,11.70971,11.71284,0.00,0.00
2014.11.03 17:25:13.465,11.70971,11.71291,0.00,0.00
2014.11.03 17:25:13.515,11.71012,11.71291,0.00,0.00
2014.11.03 17:25:13.616,11.71051,11.71341,0.00,0.00
2014.11.03 17:25:13.717,11.71012,11.71293,0.00,0.00
2014.11.03 17:25:13.817,11.71012,11.71307,0.00,0.00
2014.11.03 17:25:13.919,11.71039,11.71338,0.00,0.00
2014.11.03 17:25:13.969,11.71061,11.71345,0.00,0.00
2014.11.03 17:25:15.029,11.71061,11.71342,0.00,0.00
2014.11.03 17:25:15.331,11.71061,11.71273,0.00,0.00
2014.11.03 17:25:15.589,11.70962,11.71273,0.00,0.00
2014.11.03 17:25:15.640,11.70962,11.71259,0.00,0.00
2014.11.03 17:25:15.823,11.70988,11.71289,0.00,0.00
2014.11.03 17:25:15.924,11.70988,11.71309,0.00,0.00
2014.11.03 17:25:15.974,11.71001,11.71309,0.00,0.00
2014.11.03 17:25:16.924,11.71011,11.71309,0.00,0.00
2014.11.03 17:25:17.260,11.71039,11.71309,0.00,0.00
2014.11.03 17:25:17.411,11.71011,11.71293,0.00,0.00
2014.11.03 17:25:17.640,11.71011,11.71308,0.00,0.00
2014.11.03 17:25:17.821,11.71011,11.71296,0.00,0.00
2014.11.03 17:25:18.522,11.71011,11.71308,0.00,0.00
2014.11.03 17:25:18.573,11.71001,11.71292,0.00,0.00
2014.11.03 17:25:18.623,11.70971,11.71269,0.00,0.00
2014.11.03 17:25:18.674,11.71038,11.71269,0.00,0.00
2014.11.03 17:25:18.724,11.71038,11.71289,0.00,0.00
2014.11.03 17:25:18.775,11.70975,11.71289,0.00,0.00
2014.11.03 17:25:18.825,11.70971,11.71259,0.00,0.00
2014.11.03 17:25:19.023,11.70971,11.71278,0.00,0.00
2014.11.03 17:25:19.224,11.70971,11.71259,0.00,0.00
2014.11.03 17:25:20.233,11.70971,11.71279,0.00,0.00
2014.11.03 17:25:21.134,11.70971,11.71267,0.00,0.00
2014.11.03 17:25:21.494,11.70988,11.71267,0.00,0.00
2014.11.03 17:25:21.645,11.71011,11.71309,0.00,0.00
2014.11.03 17:25:22.100,11.71041,11.71309,0.00,0.00
2014.11.03 17:25:22.305,11.71041,11.71353,0.00,0.00
2014.11.03 17:25:22.468,11.71038,11.71348,0.00,0.00
2014.11.03 17:25:22.519,11.71011,11.71342,0.00,0.00
2014.11.03 17:25:22.569,11.71011,11.71279,0.00,0.00
2014.11.03 17:25:22.879,11.70962,11.71273,0.00,0.00
2014.11.03 17:25:23.031,11.70962,11.71258,0.00,0.00
2014.11.03 17:25:24.133,11.70962,11.71191,0.00,0.00
2014.11.03 17:25:24.183,11.70941,11.71191,0.00,0.00
2014.11.03 17:25:24.301,11.70951,11.71191,0.00,0.00
2014.11.03 17:25:24.402,11.70951,11.71238,0.00,0.00
2014.11.03 17:25:24.452,11.70972,11.71238,0.00,0.00
2014.11.03 17:25:24.822,11.70972,11.71258,0.00,0.00
2014.11.03 17:25:27.073,11.70972,11.71284,0.00,0.00
2014.11.03 17:25:30.068,11.70972,11.71268,0.00,0.00
2014.11.03 17:25:30.134,11.70961,11.71268,0.00,0.00
2014.11.03 17:25:31.156,11.71001,11.71268,0.00,0.00
2014.11.03 17:25:31.206,11.71016,11.71291,0.00,0.00
2014.11.03 17:25:31.257,11.71042,11.71291,0.00,0.00
2014.11.03 17:25:31.307,11.71042,11.71342,0.00,0.00
2014.11.03 17:25:32.124,11.71042,11.71341,0.00,0.00
2014.11.03 17:25:32.522,11.71061,11.71341,0.00,0.00
2014.11.03 17:25:32.843,11.71061,11.71291,0.00,0.00
2014.11.03 17:25:33.182,11.70971,11.71258,0.00,0.00
2014.11.03 17:25:36.538,11.70972,11.71258,0.00,0.00
2014.11.03 17:25:36.621,11.70962,11.71258,0.00,0.00
2014.11.03 17:25:37.835,11.70972,11.71258,0.00,0.00
2014.11.03 17:25:38.136,11.71011,11.71258,0.00,0.00
2014.11.03 17:25:38.187,11.71041,11.71291,0.00,0.00
2014.11.03 17:25:38.287,11.71041,11.71342,0.00,0.00
2014.11.03 17:25:38.338,11.71041,11.71358,0.00,0.00
2014.11.03 17:25:38.388,11.71039,11.71328,0.00,0.00
2014.11.03 17:25:38.545,11.71011,11.71309,0.00,0.00
2014.11.03 17:25:39.188,11.71011,11.71321,0.00,0.00
2014.11.03 17:25:39.239,11.71039,11.71321,0.00,0.00
2014.11.03 17:25:39.563,11.71062,11.71321,0.00,0.00
2014.11.03 17:25:40.222,11.71062,11.7135,0.00,0.00
2014.11.03 17:25:40.273,11.71062,11.71359,0.00,0.00
2014.11.03 17:25:41.020,11.71062,11.71349,0.00,0.00
2014.11.03 17:25:41.365,11.71062,11.71318,0.00,0.00
2014.11.03 17:25:42.343,11.71039,11.71318,0.00,0.00
2014.11.03 17:25:42.444,11.71012,11.71318,0.00,0.00
2014.11.03 17:25:43.329,11.71012,11.71259,0.00,0.00
2014.11.03 17:25:43.430,11.71012,11.71287,0.00,0.00
2014.11.03 17:25:43.633,11.70971,11.71287,0.00,0.00
2014.11.03 17:25:44.783,11.70961,11.71278,0.00,0.00
2014.11.03 17:25:48.817,11.70942,11.71278,0.00,0.00
2014.11.03 17:25:48.867,11.70939,11.71248,0.00,0.00
2014.11.03 17:25:49.176,11.70941,11.71241,0.00,0.00
2014.11.03 17:25:49.227,11.70951,11.71279,0.00,0.00
2014.11.03 17:25:49.397,11.70951,11.71229,0.00,0.00
2014.11.03 17:25:49.447,11.70938,11.71229,0.00,0.00
2014.11.03 17:25:49.498,11.70938,11.71248,0.00,0.00
2014.11.03 17:25:49.548,11.70935,11.71241,0.00,0.00
2014.11.03 17:25:49.945,11.70946,11.71241,0.00,0.00
2014.11.03 17:25:50.106,11.70929,11.71241,0.00,0.00
2014.11.03 17:25:50.207,11.70912,11.71192,0.00,0.00
2014.11.03 17:25:50.257,11.70902,11.71192,0.00,0.00
2014.11.03 17:25:50.308,11.70881,11.71178,0.00,0.00
2014.11.03 17:25:50.385,11.70861,11.71189,0.00,0.00
2014.11.03 17:25:51.007,11.70871,11.71189,0.00,0.00
2014.11.03 17:25:51.379,11.70962,11.71189,0.00,0.00
2014.11.03 17:25:51.772,11.70862,11.71189,0.00,0.00
2014.11.03 17:25:53.912,11.70862,11.71185,0.00,0.00
2014.11.03 17:25:54.013,11.70862,11.71189,0.00,0.00
2014.11.03 17:25:56.015,11.70862,11.71187,0.00,0.00
2014.11.03 17:25:56.331,11.70862,11.71189,0.00,0.00
2014.11.03 17:25:57.190,11.70862,11.71188,0.00,0.00
2014.11.03 17:25:58.179,11.70871,11.71179,0.00,0.00
2014.11.03 17:25:58.860,11.70866,11.71189,0.00,0.00
2014.11.03 17:25:58.919,11.70862,11.71187,0.00,0.00
2014.11.03 17:25:59.164,11.70862,11.71189,0.00,0.00
2014.11.03 17:25:59.721,11.70862,11.71187,0.00,0.00
2014.11.03 17:26:00.872,11.70862,11.71132,0.00,0.00
2014.11.03 17:26:00.922,11.70852,11.71132,0.00,0.00
2014.11.03 17:26:00.973,11.70833,11.71132,0.00,0.00
2014.11.03 17:26:01.074,11.70824,11.71132,0.00,0.00
2014.11.03 17:26:01.124,11.70838,11.71138,0.00,0.00
2014.11.03 17:26:01.225,11.70824,11.71132,0.00,0.00
2014.11.03 17:26:01.326,11.70815,11.71082,0.00,0.00
2014.11.03 17:26:01.427,11.70815,11.71131,0.00,0.00
2014.11.03 17:26:01.826,11.70836,11.71131,0.00,0.00
2014.11.03 17:26:02.104,11.70838,11.71138,0.00,0.00
2014.11.03 17:26:02.155,11.70853,11.71141,0.00,0.00
2014.11.03 17:26:02.205,11.70853,11.71188,0.00,0.00
2014.11.03 17:26:02.256,11.70861,11.71189,0.00,0.00
2014.11.03 17:26:02.629,11.70861,11.71176,0.00,0.00
2014.11.03 17:26:02.952,11.70861,11.71132,0.00,0.00
2014.11.03 17:26:03.651,11.70811,11.71132,0.00,0.00
2014.11.03 17:26:03.702,11.70811,11.71088,0.00,0.00
2014.11.03 17:26:03.929,11.70838,11.71138,0.00,0.00
2014.11.03 17:26:04.030,11.70813,11.71132,0.00,0.00
2014.11.03 17:26:04.133,11.70811,11.71132,0.00,0.00
2014.11.03 17:26:04.453,11.70813,11.71132,0.00,0.00
2014.11.03 17:26:05.319,11.70862,11.71138,0.00,0.00
2014.11.03 17:26:05.819,11.70862,11.71132,0.00,0.00
2014.11.03 17:26:06.732,11.70811,11.71132,0.00,0.00
2014.11.03 17:26:07.173,11.70822,11.71132,0.00,0.00
2014.11.03 17:26:07.563,11.70837,11.71132,0.00,0.00
2014.11.03 17:26:09.975,11.70804,11.71132,0.00,0.00
2014.11.03 17:26:10.026,11.70804,11.71082,0.00,0.00
2014.11.03 17:26:10.127,11.70804,11.71132,0.00,0.00
2014.11.03 17:26:10.310,11.70821,11.71132,0.00,0.00
2014.11.03 17:26:10.667,11.70805,11.71132,0.00,0.00
2014.11.03 17:26:10.717,11.70862,11.71132,0.00,0.00
2014.11.03 17:26:10.818,11.70862,11.71188,0.00,0.00
2014.11.03 17:26:11.270,11.70862,11.71181,0.00,0.00
2014.11.03 17:26:11.471,11.70862,11.71188,0.00,0.00
2014.11.03 17:26:12.371,11.70862,11.71189,0.00,0.00
2014.11.03 17:26:12.700,11.70862,11.71178,0.00,0.00
2014.11.03 17:26:13.360,11.70862,11.71188,0.00,0.00
2014.11.03 17:26:13.791,11.70871,11.71179,0.00,0.00
2014.11.03 17:26:17.628,11.70871,11.71177,0.00,0.00
2014.11.03 17:26:18.844,11.70871,11.71179,0.00,0.00
2014.11.03 17:26:19.762,11.70857,11.71188,0.00,0.00
2014.11.03 17:26:19.863,11.70838,11.71089,0.00,0.00
2014.11.03 17:26:19.913,11.70812,11.71089,0.00,0.00
2014.11.03 17:26:20.018,11.70821,11.71089,0.00,0.00
2014.11.03 17:26:20.421,11.70812,11.71089,0.00,0.00
2014.11.03 17:26:20.729,11.70812,11.71131,0.00,0.00
2014.11.03 17:26:21.024,11.70822,11.71132,0.00,0.00
2014.11.03 17:26:21.125,11.70812,11.71132,0.00,0.00
2014.11.03 17:26:21.325,11.70816,11.71132,0.00,0.00
2014.11.03 17:26:22.127,11.70812,11.71132,0.00,0.00
2014.11.03 17:26:23.312,11.70812,11.71082,0.00,0.00
2014.11.03 17:26:23.362,11.70803,11.71082,0.00,0.00
2014.11.03 17:26:23.463,11.70772,11.71082,0.00,0.00
2014.11.03 17:26:23.709,11.70765,11.71082,0.00,0.00
2014.11.03 17:26:24.337,11.70762,11.71082,0.00,0.00
2014.11.03 17:26:26.121,11.70771,11.71082,0.00,0.00
2014.11.03 17:26:26.718,11.70781,11.71082,0.00,0.00
2014.11.03 17:26:29.232,11.70762,11.71082,0.00,0.00
2014.11.03 17:26:30.220,11.70772,11.71082,0.00,0.00
2014.11.03 17:26:30.522,11.70762,11.71082,0.00,0.00
2014.11.03 17:26:38.158,11.70781,11.71082,0.00,0.00
2014.11.03 17:26:40.819,11.70821,11.71082,0.00,0.00
2014.11.03 17:26:40.869,11.70821,11.71131,0.00,0.00
2014.11.03 17:26:41.588,11.70821,11.71132,0.00,0.00
2014.11.03 17:26:41.696,11.70812,11.71132,0.00,0.00
2014.11.03 17:26:43.339,11.7082,11.71132,0.00,0.00
2014.11.03 17:26:44.120,11.7085,11.71132,0.00,0.00
2014.11.03 17:26:44.172,11.70851,11.71141,0.00,0.00
2014.11.03 17:26:44.223,11.70851,11.71188,0.00,0.00
2014.11.03 17:26:44.273,11.70861,11.71189,0.00,0.00
2014.11.03 17:26:44.609,11.70861,11.71172,0.00,0.00
2014.11.03 17:26:44.707,11.70861,11.71189,0.00,0.00
2014.11.03 17:26:45.709,11.70861,11.71184,0.00,0.00
2014.11.03 17:26:45.950,11.70861,11.71189,0.00,0.00
2014.11.03 17:26:46.210,11.70861,11.71185,0.00,0.00
2014.11.03 17:26:46.310,11.70862,11.71188,0.00,0.00
2014.11.03 17:26:47.217,11.70862,11.71173,0.00,0.00
2014.11.03 17:26:48.814,11.70862,11.71146,0.00,0.00
2014.11.03 17:26:49.131,11.70811,11.70985,0.00,0.00
2014.11.03 17:26:49.350,11.70678,11.70989,0.00,0.00
2014.11.03 17:26:49.411,11.70666,11.70982,0.00,0.00
2014.11.03 17:26:49.563,11.70662,11.70982,0.00,0.00
2014.11.03 17:26:50.019,11.70664,11.70982,0.00,0.00
2014.11.03 17:26:50.120,11.70662,11.70982,0.00,0.00
2014.11.03 17:26:51.420,11.70663,11.70982,0.00,0.00
2014.11.03 17:26:51.921,11.70662,11.70982,0.00,0.00
2014.11.03 17:26:53.124,11.70663,11.70982,0.00,0.00
2014.11.03 17:26:53.888,11.70662,11.70982,0.00,0.00
2014.11.03 17:26:54.405,11.70663,11.70982,0.00,0.00
2014.11.03 17:26:55.675,11.70662,11.70982,0.00,0.00
2014.11.03 17:26:59.236,11.70662,11.70968,0.00,0.00
2014.11.03 17:26:59.345,11.70662,11.70982,0.00,0.00
2014.11.03 17:26:59.885,11.70666,11.70982,0.00,0.00
2014.11.03 17:27:00.278,11.70662,11.70982,0.00,0.00
2014.11.03 17:27:01.248,11.70672,11.70978,0.00,0.00
2014.11.03 17:27:01.759,11.70762,11.70982,0.00,0.00
2014.11.03 17:27:01.860,11.70762,11.71032,0.00,0.00
2014.11.03 17:27:01.911,11.70712,11.71032,0.00,0.00
2014.11.03 17:27:01.961,11.70745,11.71032,0.00,0.00
2014.11.03 17:27:02.093,11.70712,11.71032,0.00,0.00
2014.11.03 17:27:02.244,11.70712,11.71025,0.00,0.00
2014.11.03 17:27:02.444,11.70712,11.71032,0.00,0.00
2014.11.03 17:27:03.179,11.7073,11.71039,0.00,0.00
2014.11.03 17:27:03.229,11.70741,11.71074,0.00,0.00
2014.11.03 17:27:03.280,11.70751,11.71032,0.00,0.00
2014.11.03 17:27:03.446,11.70734,11.71032,0.00,0.00
2014.11.03 17:27:03.546,11.70721,11.71032,0.00,0.00
2014.11.03 17:27:04.448,11.70746,11.71032,0.00,0.00
2014.11.03 17:27:04.749,11.70733,11.71032,0.00,0.00
2014.11.03 17:27:05.489,11.70721,11.71032,0.00,0.00
2014.11.03 17:27:05.877,11.70732,11.71032,0.00,0.00
2014.11.03 17:27:08.029,11.70761,11.71032,0.00,0.00
2014.11.03 17:27:08.130,11.70762,11.71081,0.00,0.00
2014.11.03 17:27:08.556,11.70762,11.7107,0.00,0.00
2014.11.03 17:27:08.657,11.70762,11.71081,0.00,0.00
2014.11.03 17:27:09.782,11.70762,11.71069,0.00,0.00
2014.11.03 17:27:09.859,11.70762,11.71081,0.00,0.00
2014.11.03 17:27:13.264,11.70762,11.71072,0.00,0.00
2014.11.03 17:27:14.265,11.70762,11.71081,0.00,0.00
2014.11.03 17:27:14.316,11.70771,11.71081,0.00,0.00
2014.11.03 17:27:15.077,11.70762,11.71072,0.00,0.00
2014.11.03 17:27:15.281,11.70762,11.71081,0.00,0.00
2014.11.03 17:27:21.209,11.70771,11.71081,0.00,0.00
2014.11.03 17:27:22.481,11.70771,11.71077,0.00,0.00
2014.11.03 17:27:22.532,11.70762,11.71077,0.00,0.00
2014.11.03 17:27:23.485,11.70762,11.71081,0.00,0.00
2014.11.03 17:27:23.535,11.70781,11.71081,0.00,0.00
