2016.07.14 20:00:00.006,13.33718,13.34022,0.00,0.00
2016.07.14 20:00:00.078,13.33728,13.34032,0.00,0.00
2016.07.14 20:00:00.380,13.3368,13.33972,0.00,0.00
2016.07.14 20:00:00.431,13.33668,13.33971,0.00,0.00
2016.07.14 20:00:00.587,13.33648,13.33952,0.00,0.00
2016.07.14 20:00:00.643,13.33679,13.33941,0.00,0.00
2016.07.14 20:00:00.694,13.33708,13.34012,0.00,0.00
2016.07.14 20:00:00.920,13.33779,13.34021,0.00,0.00
2016.07.14 20:00:00.988,13.33788,13.34092,0.00,0.00
2016.07.14 20:00:01.089,13.33779,13.34072,0.00,0.00
2016.07.14 20:00:01.190,13.33728,13.34032,0.00,0.00
2016.07.14 20:00:01.240,13.33728,13.34021,0.00,0.00
2016.07.14 20:00:01.291,13.33708,13.34012,0.00,0.00
2016.07.14 20:00:01.396,13.33701,13.33992,0.00,0.00
2016.07.14 20:00:01.582,13.33679,13.33971,0.00,0.00
2016.07.14 20:00:01.656,13.3369,13.33992,0.00,0.00
2016.07.14 20:00:01.707,13.33718,13.34022,0.00,0.00
2016.07.14 20:00:02.225,13.33708,13.34012,0.00,0.00
2016.07.14 20:00:02.528,13.33738,13.34042,0.00,0.00
2016.07.14 20:00:02.900,13.33789,13.34091,0.00,0.00
2016.07.14 20:00:04.010,13.33798,13.34102,0.00,0.00
2016.07.14 20:00:04.097,13.33779,13.34082,0.00,0.00
2016.07.14 20:00:04.405,13.33779,13.34072,0.00,0.00
2016.07.14 20:00:05.003,13.33789,13.34091,0.00,0.00
2016.07.14 20:00:05.914,13.3378,13.34072,0.00,0.00
2016.07.14 20:00:06.245,13.3378,13.34082,0.00,0.00
2016.07.14 20:00:06.917,13.3378,13.34076,0.00,0.00
2016.07.14 20:00:07.068,13.33758,13.34067,0.00,0.00
2016.07.14 20:00:07.201,13.33779,13.34067,0.00,0.00
2016.07.14 20:00:07.251,13.33799,13.34101,0.00,0.00
2016.07.14 20:00:07.415,13.3378,13.34077,0.00,0.00
2016.07.14 20:00:07.515,13.33798,13.34102,0.00,0.00
2016.07.14 20:00:08.118,13.33779,13.34077,0.00,0.00
2016.07.14 20:00:08.218,13.33788,13.34092,0.00,0.00
2016.07.14 20:00:09.555,13.33798,13.34102,0.00,0.00
2016.07.14 20:00:10.430,13.33789,13.34091,0.00,0.00
2016.07.14 20:00:10.545,13.33798,13.34102,0.00,0.00
2016.07.14 20:00:12.002,13.33788,13.34092,0.00,0.00
2016.07.14 20:00:14.948,13.33769,13.3404,0.00,0.00
2016.07.14 20:00:15.171,13.33718,13.34022,0.00,0.00
2016.07.14 20:00:15.238,13.3378,13.34022,0.00,0.00
2016.07.14 20:00:15.289,13.3378,13.34051,0.00,0.00
2016.07.14 20:00:15.591,13.33779,13.34072,0.00,0.00
2016.07.14 20:00:15.692,13.33779,13.34062,0.00,0.00
2016.07.14 20:00:15.970,13.33779,13.34072,0.00,0.00
2016.07.14 20:00:16.608,13.3378,13.34072,0.00,0.00
2016.07.14 20:00:16.988,13.3378,13.34061,0.00,0.00
2016.07.14 20:00:18.968,13.33779,13.34061,0.00,0.00
2016.07.14 20:00:19.278,13.33749,13.34051,0.00,0.00
2016.07.14 20:00:19.379,13.33718,13.34022,0.00,0.00
2016.07.14 20:00:19.501,13.33699,13.34001,0.00,0.00
2016.07.14 20:00:19.803,13.33719,13.34021,0.00,0.00
2016.07.14 20:00:20.157,13.33698,13.34002,0.00,0.00
2016.07.14 20:00:20.258,13.33679,13.33982,0.00,0.00
2016.07.14 20:00:21.260,13.33708,13.34012,0.00,0.00
2016.07.14 20:00:21.760,13.33688,13.33992,0.00,0.00
2016.07.14 20:00:23.863,13.33699,13.34001,0.00,0.00
2016.07.14 20:00:25.365,13.33709,13.34011,0.00,0.00
2016.07.14 20:00:25.467,13.33728,13.34032,0.00,0.00
2016.07.14 20:00:25.567,13.33748,13.34041,0.00,0.00
2016.07.14 20:00:25.668,13.33738,13.34041,0.00,0.00
2016.07.14 20:00:25.867,13.33758,13.3404,0.00,0.00
2016.07.14 20:00:25.918,13.33758,13.34062,0.00,0.00
2016.07.14 20:00:26.168,13.33738,13.34042,0.00,0.00
2016.07.14 20:00:26.495,13.33788,13.34092,0.00,0.00
2016.07.14 20:00:26.819,13.33768,13.34072,0.00,0.00
2016.07.14 20:00:27.271,13.33778,13.34082,0.00,0.00
2016.07.14 20:00:27.572,13.33788,13.34092,0.00,0.00
2016.07.14 20:00:28.575,13.33798,13.34102,0.00,0.00
2016.07.14 20:00:29.478,13.33778,13.34082,0.00,0.00
2016.07.14 20:00:29.986,13.33758,13.34062,0.00,0.00
2016.07.14 20:00:30.317,13.33769,13.34071,0.00,0.00
2016.07.14 20:00:30.631,13.33789,13.34091,0.00,0.00
2016.07.14 20:00:31.483,13.33768,13.34072,0.00,0.00
2016.07.14 20:00:34.389,13.33748,13.34052,0.00,0.00
2016.07.14 20:00:34.693,13.33778,13.34082,0.00,0.00
2016.07.14 20:00:35.492,13.33799,13.34101,0.00,0.00
2016.07.14 20:00:35.593,13.33808,13.34112,0.00,0.00
2016.07.14 20:00:37.998,13.33789,13.34091,0.00,0.00
2016.07.14 20:00:41.041,13.33808,13.34112,0.00,0.00
2016.07.14 20:00:41.304,13.33799,13.34101,0.00,0.00
2016.07.14 20:00:43.643,13.33809,13.34111,0.00,0.00
2016.07.14 20:00:44.248,13.3383,13.34121,0.00,0.00
2016.07.14 20:00:44.560,13.33889,13.3414,0.00,0.00
2016.07.14 20:00:44.810,13.33879,13.34141,0.00,0.00
2016.07.14 20:00:45.763,13.33839,13.34141,0.00,0.00
2016.07.14 20:00:46.113,13.33858,13.34141,0.00,0.00
2016.07.14 20:00:46.628,13.33858,13.3414,0.00,0.00
2016.07.14 20:00:47.148,13.33839,13.34141,0.00,0.00
2016.07.14 20:00:47.249,13.33809,13.34111,0.00,0.00
2016.07.14 20:00:47.668,13.33829,13.34131,0.00,0.00
2016.07.14 20:00:48.019,13.33808,13.34112,0.00,0.00
2016.07.14 20:00:48.821,13.33828,13.34132,0.00,0.00
2016.07.14 20:00:50.224,13.33838,13.3414,0.00,0.00
2016.07.14 20:00:50.961,13.33838,13.34141,0.00,0.00
2016.07.14 20:00:51.332,13.33829,13.34131,0.00,0.00
2016.07.14 20:00:51.526,13.33818,13.34122,0.00,0.00
2016.07.14 20:00:57.840,13.33839,13.34141,0.00,0.00
2016.07.14 20:00:57.941,13.33828,13.34132,0.00,0.00
2016.07.14 20:00:57.991,13.33879,13.34132,0.00,0.00
2016.07.14 20:00:58.318,13.33889,13.34141,0.00,0.00
2016.07.14 20:00:58.843,13.33879,13.34141,0.00,0.00
2016.07.14 20:01:01.386,13.3388,13.3414,0.00,0.00
2016.07.14 20:01:03.338,13.33879,13.34141,0.00,0.00
2016.07.14 20:01:03.949,13.3388,13.3414,0.00,0.00
2016.07.14 20:01:05.324,13.33879,13.34141,0.00,0.00
2016.07.14 20:01:05.560,13.33888,13.3414,0.00,0.00
2016.07.14 20:01:06.188,13.33859,13.3414,0.00,0.00
2016.07.14 20:01:06.390,13.33878,13.3414,0.00,0.00
2016.07.14 20:01:06.763,13.33869,13.3414,0.00,0.00
2016.07.14 20:01:07.330,13.33869,13.34141,0.00,0.00
2016.07.14 20:01:07.965,13.33879,13.34141,0.00,0.00
2016.07.14 20:01:08.066,13.33869,13.34141,0.00,0.00
2016.07.14 20:01:08.612,13.33869,13.3414,0.00,0.00
2016.07.14 20:01:09.253,13.33869,13.34141,0.00,0.00
2016.07.14 20:01:09.304,13.33878,13.34141,0.00,0.00
2016.07.14 20:01:10.817,13.33878,13.3414,0.00,0.00
2016.07.14 20:01:11.341,13.33878,13.34141,0.00,0.00
2016.07.14 20:01:12.255,13.33878,13.3414,0.00,0.00
2016.07.14 20:01:12.306,13.33868,13.3414,0.00,0.00
2016.07.14 20:01:12.656,13.3388,13.34172,0.00,0.00
2016.07.14 20:01:12.707,13.33899,13.342,0.00,0.00
2016.07.14 20:01:12.808,13.33909,13.34201,0.00,0.00
2016.07.14 20:01:12.991,13.33898,13.34201,0.00,0.00
2016.07.14 20:01:13.176,13.33908,13.34211,0.00,0.00
2016.07.14 20:01:13.701,13.33898,13.34202,0.00,0.00
2016.07.14 20:01:14.178,13.33888,13.34192,0.00,0.00
2016.07.14 20:01:16.328,13.33908,13.34211,0.00,0.00
2016.07.14 20:01:16.729,13.33899,13.34191,0.00,0.00
2016.07.14 20:01:16.783,13.33889,13.34191,0.00,0.00
2016.07.14 20:01:19.313,13.33898,13.34191,0.00,0.00
2016.07.14 20:01:19.636,13.33888,13.3419,0.00,0.00
2016.07.14 20:01:20.638,13.33888,13.34191,0.00,0.00
2016.07.14 20:01:20.690,13.33899,13.34191,0.00,0.00
2016.07.14 20:01:23.555,13.3391,13.34201,0.00,0.00
2016.07.14 20:01:23.606,13.3391,13.34212,0.00,0.00
2016.07.14 20:01:23.657,13.3398,13.34212,0.00,0.00
2016.07.14 20:01:23.820,13.33979,13.34251,0.00,0.00
2016.07.14 20:01:23.921,13.33979,13.34261,0.00,0.00
2016.07.14 20:01:24.022,13.33979,13.34271,0.00,0.00
2016.07.14 20:01:24.123,13.34008,13.3427,0.00,0.00
2016.07.14 20:01:24.173,13.34008,13.34312,0.00,0.00
2016.07.14 20:01:24.224,13.34039,13.34341,0.00,0.00
2016.07.14 20:01:24.547,13.33979,13.34241,0.00,0.00
2016.07.14 20:01:24.598,13.33979,13.34262,0.00,0.00
2016.07.14 20:01:24.699,13.33979,13.34242,0.00,0.00
2016.07.14 20:01:25.753,13.3398,13.34242,0.00,0.00
2016.07.14 20:01:25.804,13.3398,13.34261,0.00,0.00
2016.07.14 20:01:26.479,13.33979,13.34261,0.00,0.00
2016.07.14 20:01:26.707,13.33998,13.3427,0.00,0.00
2016.07.14 20:01:27.108,13.33979,13.34271,0.00,0.00
2016.07.14 20:01:28.966,13.3398,13.3427,0.00,0.00
2016.07.14 20:01:29.571,13.33979,13.34271,0.00,0.00
2016.07.14 20:01:30.271,13.3398,13.3427,0.00,0.00
2016.07.14 20:01:30.773,13.33979,13.34271,0.00,0.00
2016.07.14 20:01:31.086,13.33989,13.34282,0.00,0.00
2016.07.14 20:01:31.137,13.33998,13.34302,0.00,0.00
2016.07.14 20:01:31.238,13.34038,13.34342,0.00,0.00
2016.07.14 20:01:31.591,13.34038,13.3434,0.00,0.00
2016.07.14 20:01:31.641,13.34008,13.34312,0.00,0.00
2016.07.14 20:01:32.311,13.33988,13.34292,0.00,0.00
2016.07.14 20:01:32.837,13.33998,13.34302,0.00,0.00
2016.07.14 20:01:33.166,13.34019,13.34321,0.00,0.00
2016.07.14 20:01:34.839,13.33998,13.34302,0.00,0.00
2016.07.14 20:01:34.940,13.33989,13.34291,0.00,0.00
2016.07.14 20:01:35.665,13.33998,13.34302,0.00,0.00
2016.07.14 20:01:37.846,13.33989,13.34291,0.00,0.00
2016.07.14 20:01:39.260,13.34009,13.34311,0.00,0.00
2016.07.14 20:01:41.162,13.33989,13.34291,0.00,0.00
2016.07.14 20:01:42.757,13.33999,13.34301,0.00,0.00
2016.07.14 20:01:46.569,13.34009,13.34311,0.00,0.00
2016.07.14 20:01:46.920,13.33989,13.34291,0.00,0.00
2016.07.14 20:01:46.971,13.34008,13.34312,0.00,0.00
2016.07.14 20:01:52.049,13.33989,13.34291,0.00,0.00
2016.07.14 20:01:52.150,13.34008,13.34312,0.00,0.00
2016.07.14 20:01:52.350,13.34018,13.34322,0.00,0.00
2016.07.14 20:01:53.554,13.3403,13.34311,0.00,0.00
2016.07.14 20:01:53.653,13.34098,13.34402,0.00,0.00
2016.07.14 20:01:53.753,13.34109,13.34411,0.00,0.00
2016.07.14 20:01:53.854,13.34078,13.34382,0.00,0.00
2016.07.14 20:01:53.955,13.34109,13.34411,0.00,0.00
2016.07.14 20:01:54.778,13.34079,13.34381,0.00,0.00
2016.07.14 20:01:58.275,13.34099,13.34401,0.00,0.00
2016.07.14 20:01:59.166,13.34068,13.34372,0.00,0.00
2016.07.14 20:01:59.216,13.34068,13.34331,0.00,0.00
2016.07.14 20:01:59.267,13.33978,13.34282,0.00,0.00
2016.07.14 20:01:59.368,13.34008,13.34312,0.00,0.00
2016.07.14 20:01:59.694,13.33989,13.34291,0.00,0.00
2016.07.14 20:01:59.962,13.34008,13.34312,0.00,0.00
2016.07.14 20:02:00.263,13.33998,13.34302,0.00,0.00
2016.07.14 20:02:00.574,13.34018,13.34322,0.00,0.00
2016.07.14 20:02:01.118,13.33999,13.34301,0.00,0.00
2016.07.14 20:02:01.270,13.34018,13.34322,0.00,0.00
2016.07.14 20:02:01.370,13.34008,13.34312,0.00,0.00
2016.07.14 20:02:02.167,13.34018,13.34322,0.00,0.00
2016.07.14 20:02:03.070,13.34008,13.34312,0.00,0.00
2016.07.14 20:02:03.427,13.33989,13.34291,0.00,0.00
2016.07.14 20:02:04.473,13.33998,13.34302,0.00,0.00
2016.07.14 20:02:04.574,13.34018,13.34322,0.00,0.00
2016.07.14 20:02:04.884,13.33989,13.34291,0.00,0.00
2016.07.14 20:02:06.478,13.34008,13.34312,0.00,0.00
2016.07.14 20:02:07.180,13.33989,13.34291,0.00,0.00
2016.07.14 20:02:07.493,13.34018,13.34322,0.00,0.00
2016.07.14 20:02:08.182,13.33989,13.34291,0.00,0.00
2016.07.14 20:02:16.298,13.34009,13.34311,0.00,0.00
2016.07.14 20:02:17.500,13.33998,13.34302,0.00,0.00
2016.07.14 20:02:20.024,13.33988,13.34292,0.00,0.00
2016.07.14 20:02:20.637,13.34008,13.34312,0.00,0.00
2016.07.14 20:02:27.220,13.33998,13.34302,0.00,0.00
2016.07.14 20:02:33.831,13.33988,13.34292,0.00,0.00
2016.07.14 20:02:35.133,13.33998,13.34302,0.00,0.00
2016.07.14 20:02:36.270,13.33988,13.34292,0.00,0.00
2016.07.14 20:02:36.665,13.33998,13.34302,0.00,0.00
2016.07.14 20:02:42.545,13.34008,13.34312,0.00,0.00
2016.07.14 20:02:45.450,13.33998,13.34302,0.00,0.00
2016.07.14 20:02:46.293,13.34009,13.34311,0.00,0.00
2016.07.14 20:02:46.589,13.33988,13.34292,0.00,0.00
2016.07.14 20:02:47.353,13.33999,13.34301,0.00,0.00
2016.07.14 20:02:50.760,13.34018,13.34322,0.00,0.00
2016.07.14 20:02:51.861,13.33998,13.34302,0.00,0.00
2016.07.14 20:02:54.037,13.34018,13.34322,0.00,0.00
2016.07.14 20:02:54.339,13.33999,13.34301,0.00,0.00
2016.07.14 20:02:54.647,13.34019,13.34321,0.00,0.00
2016.07.14 20:02:54.776,13.33998,13.34302,0.00,0.00
2016.07.14 20:02:55.079,13.34009,13.34311,0.00,0.00
2016.07.14 20:02:55.168,13.33998,13.34302,0.00,0.00
2016.07.14 20:02:55.570,13.34009,13.34311,0.00,0.00
2016.07.14 20:02:56.021,13.33999,13.34301,0.00,0.00
2016.07.14 20:03:00.077,13.34009,13.34311,0.00,0.00
2016.07.14 20:03:00.186,13.33988,13.34292,0.00,0.00
2016.07.14 20:03:02.192,13.33979,13.34282,0.00,0.00
2016.07.14 20:03:04.799,13.33988,13.34292,0.00,0.00
2016.07.14 20:03:07.212,13.33979,13.34282,0.00,0.00
2016.07.14 20:03:07.313,13.33888,13.34192,0.00,0.00
2016.07.14 20:03:07.414,13.33878,13.34182,0.00,0.00
2016.07.14 20:03:07.759,13.33829,13.34131,0.00,0.00
2016.07.14 20:03:08.803,13.33799,13.34101,0.00,0.00
2016.07.14 20:03:08.904,13.33768,13.34072,0.00,0.00
2016.07.14 20:03:09.005,13.33798,13.34102,0.00,0.00
2016.07.14 20:03:09.314,13.33788,13.34092,0.00,0.00
2016.07.14 20:03:10.816,13.33778,13.34082,0.00,0.00
2016.07.14 20:03:11.693,13.33778,13.3405,0.00,0.00
2016.07.14 20:03:11.744,13.33749,13.3405,0.00,0.00
2016.07.14 20:03:11.845,13.33789,13.34071,0.00,0.00
2016.07.14 20:03:12.169,13.33789,13.34091,0.00,0.00
2016.07.14 20:03:12.220,13.33808,13.34112,0.00,0.00
2016.07.14 20:03:13.059,13.33808,13.34081,0.00,0.00
2016.07.14 20:03:13.210,13.33688,13.3397,0.00,0.00
2016.07.14 20:03:13.311,13.33719,13.34021,0.00,0.00
2016.07.14 20:03:13.412,13.33778,13.34082,0.00,0.00
2016.07.14 20:03:13.610,13.33768,13.34072,0.00,0.00
2016.07.14 20:03:14.175,13.33778,13.34082,0.00,0.00
2016.07.14 20:03:15.613,13.33738,13.34042,0.00,0.00
2016.07.14 20:03:16.201,13.33718,13.34022,0.00,0.00
2016.07.14 20:03:17.232,13.33728,13.34032,0.00,0.00
2016.07.14 20:03:18.435,13.33739,13.34041,0.00,0.00
2016.07.14 20:03:24.547,13.33718,13.34022,0.00,0.00
2016.07.14 20:03:28.627,13.33719,13.34021,0.00,0.00
2016.07.14 20:03:28.832,13.33708,13.34012,0.00,0.00
2016.07.14 20:03:28.957,13.33688,13.33992,0.00,0.00
2016.07.14 20:03:29.668,13.33718,13.34022,0.00,0.00
2016.07.14 20:03:30.236,13.33688,13.33941,0.00,0.00
2016.07.14 20:03:30.337,13.33619,13.33921,0.00,0.00
2016.07.14 20:03:30.409,13.33679,13.33921,0.00,0.00
2016.07.14 20:03:30.460,13.33679,13.33972,0.00,0.00
2016.07.14 20:03:30.939,13.33689,13.3398,0.00,0.00
2016.07.14 20:03:31.463,13.33659,13.33931,0.00,0.00
2016.07.14 20:03:31.564,13.33629,13.33931,0.00,0.00
2016.07.14 20:03:31.766,13.33649,13.3393,0.00,0.00
2016.07.14 20:03:31.830,13.33638,13.3393,0.00,0.00
2016.07.14 20:03:31.931,13.33648,13.33931,0.00,0.00
2016.07.14 20:03:32.131,13.33638,13.33931,0.00,0.00
2016.07.14 20:03:32.260,13.33648,13.3393,0.00,0.00
2016.07.14 20:03:32.564,13.33638,13.33931,0.00,0.00
2016.07.14 20:03:33.115,13.33638,13.3393,0.00,0.00
2016.07.14 20:03:33.166,13.33648,13.3393,0.00,0.00
2016.07.14 20:03:34.117,13.33648,13.33931,0.00,0.00
2016.07.14 20:03:35.936,13.33638,13.33931,0.00,0.00
2016.07.14 20:03:37.248,13.33638,13.3393,0.00,0.00
2016.07.14 20:03:41.031,13.33638,13.33931,0.00,0.00
2016.07.14 20:03:43.085,13.33629,13.33931,0.00,0.00
2016.07.14 20:03:43.374,13.33648,13.3393,0.00,0.00
2016.07.14 20:03:43.486,13.3363,13.3393,0.00,0.00
2016.07.14 20:03:44.882,13.33629,13.33931,0.00,0.00
2016.07.14 20:03:46.202,13.33638,13.33931,0.00,0.00
2016.07.14 20:03:46.942,13.33638,13.3393,0.00,0.00
2016.07.14 20:03:47.472,13.33648,13.3393,0.00,0.00
2016.07.14 20:03:50.493,13.33648,13.33931,0.00,0.00
2016.07.14 20:03:51.752,13.33648,13.33901,0.00,0.00
2016.07.14 20:03:51.853,13.33648,13.33931,0.00,0.00
2016.07.14 20:03:51.904,13.33629,13.33931,0.00,0.00
2016.07.14 20:03:54.699,13.33638,13.3393,0.00,0.00
2016.07.14 20:03:55.862,13.33638,13.33931,0.00,0.00
2016.07.14 20:03:56.249,13.33629,13.33931,0.00,0.00
2016.07.14 20:03:58.576,13.33638,13.33931,0.00,0.00
2016.07.14 20:04:00.179,13.33629,13.33921,0.00,0.00
2016.07.14 20:04:00.592,13.33648,13.3393,0.00,0.00
2016.07.14 20:04:00.680,13.3363,13.3393,0.00,0.00
2016.07.14 20:04:01.895,13.33629,13.33931,0.00,0.00
2016.07.14 20:04:05.705,13.3363,13.3393,0.00,0.00
2016.07.14 20:04:06.799,13.33638,13.3393,0.00,0.00
2016.07.14 20:04:06.900,13.33629,13.33931,0.00,0.00
2016.07.14 20:04:08.011,13.3363,13.3393,0.00,0.00
2016.07.14 20:04:11.420,13.33629,13.33931,0.00,0.00
2016.07.14 20:04:17.132,13.3363,13.3393,0.00,0.00
2016.07.14 20:04:17.711,13.3363,13.33922,0.00,0.00
2016.07.14 20:04:18.302,13.33629,13.33922,0.00,0.00
2016.07.14 20:04:19.238,13.3363,13.33922,0.00,0.00
2016.07.14 20:04:19.621,13.3363,13.33882,0.00,0.00
2016.07.14 20:04:20.866,13.33578,13.3383,0.00,0.00
2016.07.14 20:04:21.017,13.33509,13.33811,0.00,0.00
2016.07.14 20:04:21.118,13.33528,13.33831,0.00,0.00
2016.07.14 20:04:21.423,13.33509,13.33811,0.00,0.00
2016.07.14 20:04:21.915,13.33519,13.33821,0.00,0.00
2016.07.14 20:04:22.016,13.33508,13.33812,0.00,0.00
2016.07.14 20:04:23.048,13.33518,13.33822,0.00,0.00
2016.07.14 20:04:31.973,13.33528,13.33831,0.00,0.00
2016.07.14 20:04:32.034,13.33518,13.33822,0.00,0.00
2016.07.14 20:04:34.839,13.33499,13.33801,0.00,0.00
2016.07.14 20:04:43.957,13.33509,13.33811,0.00,0.00
2016.07.14 20:04:54.181,13.33528,13.3383,0.00,0.00
2016.07.14 20:04:54.278,13.33508,13.33812,0.00,0.00
2016.07.14 20:04:59.192,13.33519,13.33821,0.00,0.00
2016.07.14 20:05:00.596,13.33509,13.33811,0.00,0.00
2016.07.14 20:05:00.730,13.33528,13.33831,0.00,0.00
2016.07.14 20:05:01.192,13.33508,13.33812,0.00,0.00
2016.07.14 20:05:06.610,13.33519,13.33821,0.00,0.00
2016.07.14 20:05:08.525,13.33508,13.33812,0.00,0.00
2016.07.14 20:05:10.203,13.33518,13.33822,0.00,0.00
2016.07.14 20:05:19.788,13.33508,13.33812,0.00,0.00
2016.07.14 20:05:20.121,13.33529,13.33831,0.00,0.00
2016.07.14 20:05:21.655,13.33529,13.3383,0.00,0.00
2016.07.14 20:05:22.335,13.33529,13.33831,0.00,0.00
2016.07.14 20:05:22.877,13.33528,13.33831,0.00,0.00
2016.07.14 20:05:23.537,13.33528,13.3383,0.00,0.00
2016.07.14 20:05:23.882,13.33509,13.33811,0.00,0.00
2016.07.14 20:05:25.030,13.33519,13.33821,0.00,0.00
2016.07.14 20:05:25.831,13.33498,13.33802,0.00,0.00
2016.07.14 20:05:28.837,13.33529,13.3383,0.00,0.00
2016.07.14 20:05:29.550,13.33529,13.33831,0.00,0.00
2016.07.14 20:05:30.753,13.33529,13.3383,0.00,0.00
2016.07.14 20:05:30.843,13.33518,13.33822,0.00,0.00
2016.07.14 20:05:30.944,13.33528,13.33831,0.00,0.00
2016.07.14 20:05:31.582,13.33518,13.33822,0.00,0.00
2016.07.14 20:05:31.658,13.33498,13.33802,0.00,0.00
2016.07.14 20:05:32.193,13.33519,13.33821,0.00,0.00
2016.07.14 20:05:42.565,13.33528,13.3383,0.00,0.00
2016.07.14 20:05:43.168,13.33528,13.33831,0.00,0.00
2016.07.14 20:05:43.498,13.33499,13.33801,0.00,0.00
2016.07.14 20:05:43.827,13.33519,13.33821,0.00,0.00
2016.07.14 20:05:47.374,13.33508,13.33812,0.00,0.00
2016.07.14 20:05:53.686,13.33528,13.3383,0.00,0.00
2016.07.14 20:05:53.787,13.33498,13.33802,0.00,0.00
2016.07.14 20:05:58.595,13.33518,13.33822,0.00,0.00
2016.07.14 20:05:59.127,13.33499,13.33801,0.00,0.00
2016.07.14 20:06:00.099,13.33518,13.33822,0.00,0.00
2016.07.14 20:06:03.206,13.33528,13.33831,0.00,0.00
2016.07.14 20:06:04.210,13.33508,13.33812,0.00,0.00
2016.07.14 20:06:04.311,13.33528,13.33831,0.00,0.00
2016.07.14 20:06:06.616,13.33509,13.33811,0.00,0.00
2016.07.14 20:06:23.845,13.33518,13.33822,0.00,0.00
2016.07.14 20:06:25.848,13.33508,13.33812,0.00,0.00
2016.07.14 20:06:26.286,13.33519,13.33821,0.00,0.00
2016.07.14 20:06:28.251,13.33499,13.33801,0.00,0.00
2016.07.14 20:06:30.755,13.33508,13.33812,0.00,0.00
2016.07.14 20:06:37.702,13.33528,13.3383,0.00,0.00
2016.07.14 20:06:38.312,13.33528,13.33831,0.00,0.00
2016.07.14 20:06:40.227,13.33528,13.3383,0.00,0.00
2016.07.14 20:06:40.636,13.33509,13.33811,0.00,0.00
2016.07.14 20:06:41.203,13.33529,13.33831,0.00,0.00
2016.07.14 20:06:41.749,13.33529,13.3383,0.00,0.00
2016.07.14 20:06:43.006,13.33508,13.33812,0.00,0.00
2016.07.14 20:06:43.577,13.33539,13.33831,0.00,0.00
2016.07.14 20:06:43.777,13.33529,13.3383,0.00,0.00
2016.07.14 20:06:44.092,13.33509,13.33811,0.00,0.00
2016.07.14 20:06:44.143,13.3352,13.33811,0.00,0.00
2016.07.14 20:06:44.238,13.33509,13.33811,0.00,0.00
2016.07.14 20:06:44.289,13.33528,13.3383,0.00,0.00
2016.07.14 20:06:44.722,13.33499,13.33801,0.00,0.00
2016.07.14 20:06:45.981,13.33489,13.33791,0.00,0.00
2016.07.14 20:06:46.705,13.3349,13.33791,0.00,0.00
2016.07.14 20:06:47.631,13.33518,13.33822,0.00,0.00
2016.07.14 20:06:49.116,13.33509,13.33811,0.00,0.00
2016.07.14 20:06:51.427,13.33519,13.33821,0.00,0.00
2016.07.14 20:06:51.906,13.33509,13.33811,0.00,0.00
2016.07.14 20:07:01.418,13.33528,13.3383,0.00,0.00
2016.07.14 20:07:01.536,13.33518,13.33822,0.00,0.00
2016.07.14 20:07:02.018,13.33499,13.33801,0.00,0.00
2016.07.14 20:07:04.012,13.33518,13.33822,0.00,0.00
2016.07.14 20:07:04.143,13.33529,13.3383,0.00,0.00
2016.07.14 20:07:04.746,13.33518,13.33822,0.00,0.00
2016.07.14 20:07:04.847,13.33499,13.33801,0.00,0.00
2016.07.14 20:07:09.023,13.33509,13.33811,0.00,0.00
2016.07.14 20:07:09.159,13.33518,13.33822,0.00,0.00
2016.07.14 20:07:10.125,13.33499,13.33801,0.00,0.00
2016.07.14 20:07:11.829,13.33508,13.33812,0.00,0.00
2016.07.14 20:07:14.032,13.33498,13.33802,0.00,0.00
2016.07.14 20:07:14.583,13.33518,13.33822,0.00,0.00
2016.07.14 20:07:23.849,13.33508,13.33817,0.00,0.00
2016.07.14 20:07:24.972,13.33498,13.33802,0.00,0.00
2016.07.14 20:07:25.582,13.33508,13.33812,0.00,0.00
2016.07.14 20:07:27.368,13.33538,13.3384,0.00,0.00
2016.07.14 20:07:27.724,13.33599,13.33901,0.00,0.00
2016.07.14 20:07:28.224,13.33609,13.33911,0.00,0.00
2016.07.14 20:07:28.959,13.33599,13.33901,0.00,0.00
2016.07.14 20:07:30.779,13.33588,13.33892,0.00,0.00
2016.07.14 20:07:30.861,13.33568,13.33872,0.00,0.00
2016.07.14 20:07:31.563,13.33588,13.33892,0.00,0.00
2016.07.14 20:07:37.554,13.33599,13.33901,0.00,0.00
2016.07.14 20:07:37.605,13.33608,13.33912,0.00,0.00
2016.07.14 20:07:48.187,13.33588,13.33892,0.00,0.00
2016.07.14 20:07:48.521,13.33598,13.33902,0.00,0.00
2016.07.14 20:07:57.608,13.33588,13.33892,0.00,0.00
2016.07.14 20:08:00.621,13.33608,13.33912,0.00,0.00
2016.07.14 20:08:04.420,13.33598,13.33902,0.00,0.00
2016.07.14 20:08:08.630,13.33589,13.33892,0.00,0.00
2016.07.14 20:08:09.060,13.33599,13.33901,0.00,0.00
2016.07.14 20:08:12.871,13.33608,13.33912,0.00,0.00
2016.07.14 20:08:18.550,13.33598,13.33902,0.00,0.00
2016.07.14 20:08:25.867,13.33589,13.33891,0.00,0.00
2016.07.14 20:08:27.792,13.33598,13.33902,0.00,0.00
2016.07.14 20:08:29.703,13.33588,13.33892,0.00,0.00
2016.07.14 20:08:30.052,13.33598,13.33902,0.00,0.00
2016.07.14 20:08:33.281,13.33588,13.33892,0.00,0.00
2016.07.14 20:08:33.682,13.33608,13.33912,0.00,0.00
2016.07.14 20:08:34.984,13.33588,13.33892,0.00,0.00
2016.07.14 20:08:35.384,13.33608,13.33912,0.00,0.00
2016.07.14 20:08:43.903,13.33619,13.33921,0.00,0.00
2016.07.14 20:08:45.501,13.33609,13.33911,0.00,0.00
2016.07.14 20:08:46.802,13.33618,13.33922,0.00,0.00
2016.07.14 20:08:52.511,13.33598,13.33902,0.00,0.00
2016.07.14 20:08:52.862,13.33618,13.33922,0.00,0.00
2016.07.14 20:09:03.844,13.33609,13.33911,0.00,0.00
2016.07.14 20:09:15.535,13.33609,13.33861,0.00,0.00
2016.07.14 20:09:15.585,13.33589,13.33861,0.00,0.00
2016.07.14 20:09:15.636,13.33589,13.33891,0.00,0.00
2016.07.14 20:09:17.247,13.33579,13.33881,0.00,0.00
2016.07.14 20:09:17.602,13.33578,13.33871,0.00,0.00
2016.07.14 20:09:19.507,13.33578,13.3387,0.00,0.00
2016.07.14 20:09:22.343,13.33578,13.33882,0.00,0.00
2016.07.14 20:09:22.394,13.33599,13.33901,0.00,0.00
2016.07.14 20:09:28.175,13.33578,13.33882,0.00,0.00
2016.07.14 20:09:30.182,13.33568,13.33872,0.00,0.00
2016.07.14 20:09:30.555,13.33578,13.33882,0.00,0.00
2016.07.14 20:09:48.025,13.33568,13.33872,0.00,0.00
2016.07.14 20:09:48.330,13.33578,13.33882,0.00,0.00
2016.07.14 20:09:55.541,13.33568,13.33872,0.00,0.00
2016.07.14 20:09:56.995,13.33568,13.33871,0.00,0.00
2016.07.14 20:09:57.147,13.33558,13.33862,0.00,0.00
2016.07.14 20:09:57.219,13.33588,13.33871,0.00,0.00
2016.07.14 20:09:59.408,13.33588,13.3387,0.00,0.00
2016.07.14 20:10:00.101,13.33588,13.33892,0.00,0.00
2016.07.14 20:10:00.202,13.33629,13.33892,0.00,0.00
2016.07.14 20:10:00.353,13.33679,13.33981,0.00,0.00
2016.07.14 20:10:00.410,13.33689,13.33991,0.00,0.00
2016.07.14 20:10:00.611,13.33698,13.34002,0.00,0.00
2016.07.14 20:10:02.048,13.33688,13.33992,0.00,0.00
2016.07.14 20:10:03.808,13.33688,13.33981,0.00,0.00
2016.07.14 20:10:03.858,13.33668,13.33972,0.00,0.00
2016.07.14 20:10:03.915,13.33618,13.33922,0.00,0.00
2016.07.14 20:10:05.060,13.33629,13.33931,0.00,0.00
2016.07.14 20:10:06.441,13.33648,13.33952,0.00,0.00
2016.07.14 20:10:06.564,13.33689,13.33991,0.00,0.00
2016.07.14 20:10:06.965,13.33698,13.34002,0.00,0.00
2016.07.14 20:10:08.067,13.33688,13.33992,0.00,0.00
2016.07.14 20:10:09.821,13.33688,13.33941,0.00,0.00
2016.07.14 20:10:09.871,13.33638,13.33941,0.00,0.00
2016.07.14 20:10:09.973,13.33599,13.33901,0.00,0.00
2016.07.14 20:10:10.129,13.33658,13.33962,0.00,0.00
2016.07.14 20:10:10.372,13.33628,13.33932,0.00,0.00
2016.07.14 20:10:12.331,13.33628,13.3393,0.00,0.00
2016.07.14 20:10:12.382,13.33608,13.33912,0.00,0.00
2016.07.14 20:10:12.432,13.33608,13.3388,0.00,0.00
2016.07.14 20:10:12.483,13.33569,13.33871,0.00,0.00
2016.07.14 20:10:12.584,13.33558,13.33862,0.00,0.00
2016.07.14 20:10:12.634,13.33588,13.33892,0.00,0.00
2016.07.14 20:10:22.651,13.33599,13.33901,0.00,0.00
2016.07.14 20:10:26.009,13.33538,13.33831,0.00,0.00
2016.07.14 20:10:26.110,13.33508,13.33812,0.00,0.00
2016.07.14 20:10:26.498,13.33528,13.3383,0.00,0.00
2016.07.14 20:10:29.166,13.33519,13.33821,0.00,0.00
2016.07.14 20:10:32.470,13.33508,13.33812,0.00,0.00
2016.07.14 20:10:32.971,13.33518,13.33822,0.00,0.00
2016.07.14 20:10:33.783,13.33498,13.33802,0.00,0.00
2016.07.14 20:10:34.874,13.33518,13.33822,0.00,0.00
2016.07.14 20:10:39.180,13.33498,13.33802,0.00,0.00
2016.07.14 20:10:43.887,13.33489,13.33791,0.00,0.00
2016.07.14 20:10:46.892,13.33518,13.33822,0.00,0.00
2016.07.14 20:10:47.393,13.3349,13.33792,0.00,0.00
2016.07.14 20:10:48.456,13.33509,13.33792,0.00,0.00
2016.07.14 20:10:48.507,13.33519,13.33821,0.00,0.00
2016.07.14 20:10:48.558,13.33529,13.33821,0.00,0.00
2016.07.14 20:10:48.608,13.33619,13.33921,0.00,0.00
2016.07.14 20:10:48.709,13.33598,13.33902,0.00,0.00
2016.07.14 20:10:48.796,13.33578,13.33882,0.00,0.00
2016.07.14 20:10:49.499,13.33608,13.33912,0.00,0.00
2016.07.14 20:10:50.101,13.33599,13.33901,0.00,0.00
2016.07.14 20:10:52.624,13.33608,13.33912,0.00,0.00
2016.07.14 20:10:58.816,13.33599,13.33901,0.00,0.00
2016.07.14 20:10:59.308,13.33588,13.33892,0.00,0.00
2016.07.14 20:11:00.119,13.33609,13.33911,0.00,0.00
2016.07.14 20:11:02.122,13.33599,13.33901,0.00,0.00
2016.07.14 20:11:04.742,13.33618,13.33922,0.00,0.00
2016.07.14 20:11:04.792,13.33629,13.33922,0.00,0.00
2016.07.14 20:11:04.843,13.33698,13.34002,0.00,0.00
2016.07.14 20:11:04.944,13.33689,13.33991,0.00,0.00
2016.07.14 20:11:05.278,13.33679,13.33981,0.00,0.00
2016.07.14 20:11:10.152,13.33698,13.34002,0.00,0.00
2016.07.14 20:11:10.537,13.33688,13.33992,0.00,0.00
2016.07.14 20:11:11.472,13.33699,13.34001,0.00,0.00
2016.07.14 20:11:11.871,13.33688,13.33992,0.00,0.00
2016.07.14 20:11:15.764,13.33669,13.33971,0.00,0.00
2016.07.14 20:11:16.093,13.33689,13.33991,0.00,0.00
2016.07.14 20:11:19.451,13.33698,13.34002,0.00,0.00
2016.07.14 20:11:19.952,13.33679,13.33981,0.00,0.00
2016.07.14 20:11:28.469,13.33689,13.33991,0.00,0.00
2016.07.14 20:11:40.198,13.33678,13.33982,0.00,0.00
2016.07.14 20:11:40.399,13.33688,13.33992,0.00,0.00
2016.07.14 20:11:40.896,13.33678,13.33982,0.00,0.00
2016.07.14 20:11:41.506,13.33688,13.33992,0.00,0.00
2016.07.14 20:11:43.041,13.33698,13.34002,0.00,0.00
2016.07.14 20:11:43.605,13.33688,13.33992,0.00,0.00
2016.07.14 20:11:44.147,13.33698,13.34002,0.00,0.00
2016.07.14 20:11:44.477,13.33688,13.33992,0.00,0.00
2016.07.14 20:11:48.217,13.33678,13.33982,0.00,0.00
2016.07.14 20:11:49.322,13.33698,13.34002,0.00,0.00
2016.07.14 20:11:51.928,13.33689,13.33991,0.00,0.00
2016.07.14 20:11:54.299,13.33699,13.34001,0.00,0.00
2016.07.14 20:12:00.651,13.33708,13.34012,0.00,0.00
2016.07.14 20:12:03.937,13.33719,13.34021,0.00,0.00
2016.07.14 20:12:06.868,13.33689,13.33991,0.00,0.00
2016.07.14 20:12:07.770,13.33719,13.34021,0.00,0.00
2016.07.14 20:12:11.078,13.33708,13.34012,0.00,0.00
2016.07.14 20:12:11.880,13.33689,13.33991,0.00,0.00
2016.07.14 20:12:16.674,13.33709,13.34011,0.00,0.00
2016.07.14 20:12:30.427,13.33679,13.33981,0.00,0.00
2016.07.14 20:12:30.731,13.33709,13.34011,0.00,0.00
2016.07.14 20:12:30.981,13.33698,13.34002,0.00,0.00
2016.07.14 20:12:32.629,13.33708,13.34012,0.00,0.00
2016.07.14 20:12:43.899,13.33718,13.34022,0.00,0.00
2016.07.14 20:12:48.036,13.33699,13.34001,0.00,0.00
2016.07.14 20:12:48.607,13.33719,13.34021,0.00,0.00
2016.07.14 20:12:48.858,13.33739,13.34042,0.00,0.00
2016.07.14 20:12:48.909,13.33798,13.34102,0.00,0.00
2016.07.14 20:12:49.136,13.3378,13.34082,0.00,0.00
2016.07.14 20:12:49.187,13.33778,13.34082,0.00,0.00
2016.07.14 20:12:49.237,13.33808,13.34112,0.00,0.00
2016.07.14 20:12:49.541,13.33778,13.34082,0.00,0.00
2016.07.14 20:12:49.926,13.33788,13.34092,0.00,0.00
2016.07.14 20:12:51.647,13.33798,13.34102,0.00,0.00
2016.07.14 20:12:51.956,13.33789,13.34091,0.00,0.00
2016.07.14 20:12:52.487,13.33809,13.34111,0.00,0.00
2016.07.14 20:12:52.814,13.33788,13.34092,0.00,0.00
2016.07.14 20:12:53.952,13.33798,13.34102,0.00,0.00
2016.07.14 20:12:54.266,13.33808,13.34112,0.00,0.00
2016.07.14 20:12:55.518,13.33789,13.34091,0.00,0.00
2016.07.14 20:13:00.261,13.33778,13.34082,0.00,0.00
2016.07.14 20:13:00.325,13.33799,13.34101,0.00,0.00
2016.07.14 20:13:04.130,13.33809,13.34111,0.00,0.00
2016.07.14 20:13:18.671,13.33789,13.34091,0.00,0.00
2016.07.14 20:13:18.872,13.33818,13.34122,0.00,0.00
2016.07.14 20:13:20.196,13.33828,13.34132,0.00,0.00
2016.07.14 20:13:20.525,13.33849,13.34151,0.00,0.00
2016.07.14 20:13:20.609,13.33828,13.34132,0.00,0.00
2016.07.14 20:13:20.659,13.33818,13.34122,0.00,0.00
2016.07.14 20:13:21.028,13.33848,13.34152,0.00,0.00
2016.07.14 20:13:21.541,13.33849,13.34151,0.00,0.00
2016.07.14 20:13:21.592,13.33828,13.34132,0.00,0.00
2016.07.14 20:13:24.185,13.33869,13.34171,0.00,0.00
2016.07.14 20:13:24.287,13.33898,13.34202,0.00,0.00
2016.07.14 20:13:24.457,13.33888,13.34192,0.00,0.00
2016.07.14 20:13:24.758,13.33879,13.34181,0.00,0.00
2016.07.14 20:13:25.991,13.33889,13.34191,0.00,0.00
2016.07.14 20:13:36.618,13.33899,13.34201,0.00,0.00
2016.07.14 20:13:38.223,13.33889,13.34191,0.00,0.00
2016.07.14 20:13:40.270,13.33899,13.34201,0.00,0.00
2016.07.14 20:13:40.730,13.33889,13.34172,0.00,0.00
2016.07.14 20:13:40.932,13.33889,13.34192,0.00,0.00
2016.07.14 20:13:45.796,13.3389,13.34192,0.00,0.00
2016.07.14 20:13:47.752,13.33889,13.34182,0.00,0.00
2016.07.14 20:13:49.306,13.3389,13.34182,0.00,0.00
2016.07.14 20:13:49.498,13.33979,13.34281,0.00,0.00
2016.07.14 20:13:50.800,13.33969,13.34271,0.00,0.00
2016.07.14 20:13:52.603,13.33988,13.34292,0.00,0.00
2016.07.14 20:13:53.003,13.33978,13.34282,0.00,0.00
2016.07.14 20:13:58.317,13.33958,13.34262,0.00,0.00
2016.07.14 20:13:58.774,13.33968,13.34272,0.00,0.00
2016.07.14 20:14:02.137,13.33958,13.34262,0.00,0.00
2016.07.14 20:14:03.242,13.33968,13.34272,0.00,0.00
2016.07.14 20:14:03.724,13.33989,13.34291,0.00,0.00
2016.07.14 20:14:03.920,13.33958,13.34262,0.00,0.00
2016.07.14 20:14:06.323,13.33969,13.34271,0.00,0.00
2016.07.14 20:14:08.225,13.33978,13.34282,0.00,0.00
2016.07.14 20:14:10.127,13.33969,13.34271,0.00,0.00
2016.07.14 20:14:10.828,13.33958,13.34262,0.00,0.00
2016.07.14 20:14:11.829,13.33968,13.34272,0.00,0.00
2016.07.14 20:14:20.271,13.33999,13.34272,0.00,0.00
2016.07.14 20:14:20.372,13.33999,13.34282,0.00,0.00
2016.07.14 20:14:22.175,13.34,13.34282,0.00,0.00
2016.07.14 20:14:22.355,13.34,13.34292,0.00,0.00
2016.07.14 20:14:22.908,13.33999,13.34292,0.00,0.00
2016.07.14 20:14:23.866,13.33999,13.34302,0.00,0.00
2016.07.14 20:14:24.479,13.34,13.34302,0.00,0.00
2016.07.14 20:14:24.550,13.34,13.34291,0.00,0.00
2016.07.14 20:14:24.661,13.34,13.34302,0.00,0.00
2016.07.14 20:14:26.029,13.33999,13.34302,0.00,0.00
2016.07.14 20:14:29.155,13.33999,13.34291,0.00,0.00
2016.07.14 20:14:29.716,13.34,13.34291,0.00,0.00
2016.07.14 20:14:30.257,13.34009,13.34311,0.00,0.00
2016.07.14 20:14:30.358,13.34,13.34291,0.00,0.00
2016.07.14 20:14:31.023,13.33999,13.34291,0.00,0.00
2016.07.14 20:14:32.095,13.34,13.34291,0.00,0.00
2016.07.14 20:14:32.159,13.34,13.34301,0.00,0.00
2016.07.14 20:14:33.498,13.33999,13.34301,0.00,0.00
2016.07.14 20:14:35.402,13.34,13.34301,0.00,0.00
2016.07.14 20:14:37.766,13.34,13.34302,0.00,0.00
2016.07.14 20:14:37.867,13.34008,13.34312,0.00,0.00
2016.07.14 20:14:45.020,13.33999,13.34302,0.00,0.00
2016.07.14 20:14:48.099,13.34008,13.34312,0.00,0.00
2016.07.14 20:14:49.597,13.34018,13.34322,0.00,0.00
2016.07.14 20:14:50.207,13.34008,13.34312,0.00,0.00
2016.07.14 20:14:55.636,13.34018,13.34322,0.00,0.00
2016.07.14 20:14:56.195,13.34009,13.34311,0.00,0.00
2016.07.14 20:14:56.491,13.34018,13.34322,0.00,0.00
2016.07.14 20:14:56.905,13.34,13.34302,0.00,0.00
2016.07.14 20:14:57.006,13.34008,13.34312,0.00,0.00
2016.07.14 20:14:57.793,13.34018,13.34322,0.00,0.00
2016.07.14 20:15:00.204,13.34008,13.34312,0.00,0.00
2016.07.14 20:15:00.505,13.33999,13.34301,0.00,0.00
2016.07.14 20:15:01.145,13.34,13.34301,0.00,0.00
2016.07.14 20:15:02.058,13.33999,13.34301,0.00,0.00
2016.07.14 20:15:05.865,13.34,13.34301,0.00,0.00
2016.07.14 20:15:07.169,13.33999,13.34301,0.00,0.00
2016.07.14 20:15:07.751,13.34009,13.34311,0.00,0.00
2016.07.14 20:15:12.591,13.34049,13.34311,0.00,0.00
2016.07.14 20:15:12.742,13.34058,13.34362,0.00,0.00
2016.07.14 20:15:12.908,13.34049,13.34342,0.00,0.00
2016.07.14 20:15:13.162,13.341,13.34402,0.00,0.00
2016.07.14 20:15:13.720,13.34099,13.34402,0.00,0.00
2016.07.14 20:15:14.432,13.34099,13.34382,0.00,0.00
2016.07.14 20:15:14.989,13.341,13.34382,0.00,0.00
2016.07.14 20:15:15.039,13.341,13.34391,0.00,0.00
2016.07.14 20:15:16.815,13.34099,13.34391,0.00,0.00
2016.07.14 20:15:17.596,13.341,13.34391,0.00,0.00
2016.07.14 20:15:17.743,13.341,13.34402,0.00,0.00
2016.07.14 20:15:19.904,13.34099,13.34402,0.00,0.00
2016.07.14 20:15:24.459,13.341,13.34402,0.00,0.00
2016.07.14 20:15:26.323,13.34099,13.34402,0.00,0.00
2016.07.14 20:15:26.424,13.34098,13.34341,0.00,0.00
2016.07.14 20:15:26.474,13.34009,13.34311,0.00,0.00
2016.07.14 20:15:26.575,13.33999,13.34291,0.00,0.00
2016.07.14 20:15:27.049,13.34,13.34282,0.00,0.00
2016.07.14 20:15:27.275,13.34029,13.34331,0.00,0.00
2016.07.14 20:15:27.339,13.34019,13.34321,0.00,0.00
2016.07.14 20:15:27.710,13.34,13.34301,0.00,0.00
2016.07.14 20:15:28.677,13.34018,13.34322,0.00,0.00
2016.07.14 20:15:29.078,13.34008,13.34312,0.00,0.00
2016.07.14 20:15:29.679,13.34,13.34302,0.00,0.00
2016.07.14 20:15:30.070,13.34008,13.34312,0.00,0.00
2016.07.14 20:15:33.371,13.34018,13.34322,0.00,0.00
2016.07.14 20:15:33.940,13.34008,13.34312,0.00,0.00
2016.07.14 20:15:34.310,13.33999,13.34301,0.00,0.00
2016.07.14 20:15:35.944,13.34,13.34301,0.00,0.00
2016.07.14 20:15:38.248,13.33999,13.34301,0.00,0.00
2016.07.14 20:15:38.871,13.34009,13.34311,0.00,0.00
2016.07.14 20:15:44.578,13.34,13.34301,0.00,0.00
2016.07.14 20:15:44.710,13.34008,13.34312,0.00,0.00
2016.07.14 20:15:51.322,13.34,13.34302,0.00,0.00
2016.07.14 20:15:53.075,13.33999,13.34302,0.00,0.00
2016.07.14 20:15:53.587,13.34,13.34302,0.00,0.00
2016.07.14 20:15:56.785,13.33999,13.34302,0.00,0.00
2016.07.14 20:15:59.191,13.34,13.34302,0.00,0.00
2016.07.14 20:16:00.647,13.34019,13.34321,0.00,0.00
2016.07.14 20:16:06.758,13.33999,13.34301,0.00,0.00
2016.07.14 20:16:08.362,13.33999,13.34292,0.00,0.00
2016.07.14 20:16:10.157,13.34,13.34292,0.00,0.00
2016.07.14 20:16:10.616,13.34,13.34301,0.00,0.00
2016.07.14 20:16:11.510,13.33999,13.34301,0.00,0.00
2016.07.14 20:16:12.021,13.34,13.34301,0.00,0.00
2016.07.14 20:16:13.925,13.33999,13.34301,0.00,0.00
2016.07.14 20:16:15.832,13.34,13.34301,0.00,0.00
2016.07.14 20:16:16.525,13.34008,13.34312,0.00,0.00
2016.07.14 20:16:16.825,13.33999,13.34292,0.00,0.00
2016.07.14 20:16:17.226,13.33999,13.34302,0.00,0.00
2016.07.14 20:16:17.737,13.34,13.34302,0.00,0.00
2016.07.14 20:16:21.548,13.33999,13.34302,0.00,0.00
2016.07.14 20:16:27.259,13.34,13.34302,0.00,0.00
2016.07.14 20:16:29.162,13.33999,13.34302,0.00,0.00
2016.07.14 20:16:31.066,13.34,13.34302,0.00,0.00
2016.07.14 20:16:32.657,13.34008,13.34312,0.00,0.00
2016.07.14 20:16:38.861,13.33999,13.34302,0.00,0.00
2016.07.14 20:16:39.362,13.34008,13.34312,0.00,0.00
2016.07.14 20:16:39.863,13.33999,13.34291,0.00,0.00
2016.07.14 20:16:39.964,13.33999,13.34302,0.00,0.00
2016.07.14 20:16:41.285,13.34,13.34281,0.00,0.00
2016.07.14 20:16:41.366,13.34,13.34301,0.00,0.00
2016.07.14 20:16:41.467,13.33999,13.34281,0.00,0.00
2016.07.14 20:16:42.225,13.34,13.34281,0.00,0.00
2016.07.14 20:16:42.885,13.33999,13.34281,0.00,0.00
2016.07.14 20:16:45.171,13.33999,13.34291,0.00,0.00
2016.07.14 20:16:45.272,13.33999,13.34282,0.00,0.00
2016.07.14 20:16:45.857,13.34,13.34282,0.00,0.00
2016.07.14 20:16:46.497,13.33999,13.34282,0.00,0.00
2016.07.14 20:16:48.598,13.33999,13.34292,0.00,0.00
2016.07.14 20:16:48.699,13.33999,13.34302,0.00,0.00
2016.07.14 20:16:48.977,13.34,13.34292,0.00,0.00
2016.07.14 20:16:49.719,13.33999,13.34292,0.00,0.00
2016.07.14 20:16:50.029,13.34,13.34282,0.00,0.00
2016.07.14 20:16:50.279,13.34,13.34301,0.00,0.00
2016.07.14 20:16:50.807,13.33999,13.34301,0.00,0.00
2016.07.14 20:16:51.613,13.34,13.34301,0.00,0.00
2016.07.14 20:16:51.681,13.34,13.34291,0.00,0.00
2016.07.14 20:16:52.459,13.33999,13.34291,0.00,0.00
2016.07.14 20:16:55.426,13.34,13.34291,0.00,0.00
2016.07.14 20:16:57.331,13.33999,13.34291,0.00,0.00
2016.07.14 20:16:59.236,13.34,13.34291,0.00,0.00
2016.07.14 20:17:01.139,13.33999,13.34291,0.00,0.00
2016.07.14 20:17:03.043,13.34,13.34291,0.00,0.00
2016.07.14 20:17:04.601,13.34009,13.34311,0.00,0.00
2016.07.14 20:17:20.523,13.33999,13.34292,0.00,0.00
2016.07.14 20:17:22.090,13.34,13.34292,0.00,0.00
2016.07.14 20:17:22.225,13.34018,13.34322,0.00,0.00
2016.07.14 20:17:22.334,13.33999,13.34301,0.00,0.00
2016.07.14 20:17:22.636,13.34019,13.34321,0.00,0.00
2016.07.14 20:17:23.046,13.33999,13.34302,0.00,0.00
2016.07.14 20:17:23.157,13.33999,13.34292,0.00,0.00
2016.07.14 20:17:24.572,13.34008,13.34312,0.00,0.00
2016.07.14 20:17:25.141,13.34019,13.34321,0.00,0.00
2016.07.14 20:17:25.585,13.34,13.34291,0.00,0.00
2016.07.14 20:17:26.494,13.33999,13.34291,0.00,0.00
2016.07.14 20:17:28.398,13.34,13.34291,0.00,0.00
2016.07.14 20:17:28.969,13.33999,13.34291,0.00,0.00
2016.07.14 20:17:29.902,13.34,13.34291,0.00,0.00
2016.07.14 20:17:30.620,13.33999,13.34291,0.00,0.00
2016.07.14 20:17:31.330,13.34,13.34291,0.00,0.00
2016.07.14 20:17:31.881,13.34008,13.34312,0.00,0.00
2016.07.14 20:17:31.982,13.33999,13.34282,0.00,0.00
2016.07.14 20:17:32.281,13.34,13.34302,0.00,0.00
2016.07.14 20:17:36.018,13.33999,13.34302,0.00,0.00
2016.07.14 20:17:36.620,13.34,13.34302,0.00,0.00
2016.07.14 20:17:37.930,13.33999,13.34302,0.00,0.00
2016.07.14 20:17:39.257,13.33999,13.34282,0.00,0.00
2016.07.14 20:17:43.593,13.34,13.34282,0.00,0.00
2016.07.14 20:17:45.437,13.33999,13.34282,0.00,0.00
2016.07.14 20:17:47.406,13.34009,13.34311,0.00,0.00
2016.07.14 20:17:48.392,13.33999,13.34302,0.00,0.00
2016.07.14 20:17:49.245,13.34,13.34302,0.00,0.00
2016.07.14 20:17:51.350,13.33999,13.34302,0.00,0.00
2016.07.14 20:17:52.462,13.34,13.34302,0.00,0.00
2016.07.14 20:17:52.513,13.34,13.34281,0.00,0.00
2016.07.14 20:17:52.614,13.34009,13.34311,0.00,0.00
2016.07.14 20:17:57.811,13.34,13.34282,0.00,0.00
2016.07.14 20:17:58.339,13.33999,13.34282,0.00,0.00
2016.07.14 20:17:58.929,13.33999,13.34302,0.00,0.00
2016.07.14 20:18:00.936,13.33999,13.34281,0.00,0.00
2016.07.14 20:18:03.906,13.33999,13.34272,0.00,0.00
2016.07.14 20:18:04.416,13.33999,13.34282,0.00,0.00
2016.07.14 20:18:05.001,13.34,13.34282,0.00,0.00
2016.07.14 20:18:06.908,13.33999,13.34282,0.00,0.00
2016.07.14 20:18:07.614,13.33999,13.34272,0.00,0.00
2016.07.14 20:18:08.434,13.33999,13.34251,0.00,0.00
2016.07.14 20:18:08.665,13.34,13.34271,0.00,0.00
2016.07.14 20:18:08.849,13.34,13.34261,0.00,0.00
2016.07.14 20:18:11.922,13.33999,13.34261,0.00,0.00
2016.07.14 20:18:11.973,13.33999,13.34272,0.00,0.00
2016.07.14 20:18:13.027,13.33999,13.34281,0.00,0.00
2016.07.14 20:18:20.554,13.33959,13.34241,0.00,0.00
2016.07.14 20:18:20.918,13.33899,13.34181,0.00,0.00
2016.07.14 20:18:21.039,13.339,13.34202,0.00,0.00
2016.07.14 20:18:21.556,13.33868,13.34172,0.00,0.00
2016.07.14 20:18:21.657,13.3385,13.34152,0.00,0.00
2016.07.14 20:18:22.947,13.33869,13.34171,0.00,0.00
2016.07.14 20:18:24.545,13.33879,13.34181,0.00,0.00
2016.07.14 20:18:24.963,13.33869,13.34171,0.00,0.00
2016.07.14 20:18:25.046,13.33878,13.34182,0.00,0.00
2016.07.14 20:18:25.289,13.33869,13.34171,0.00,0.00
2016.07.14 20:18:28.653,13.33859,13.34161,0.00,0.00
2016.07.14 20:18:34.290,13.33859,13.34141,0.00,0.00
2016.07.14 20:18:34.391,13.33829,13.34131,0.00,0.00
2016.07.14 20:18:34.463,13.338,13.34092,0.00,0.00
2016.07.14 20:18:34.891,13.33809,13.34111,0.00,0.00
2016.07.14 20:18:35.673,13.338,13.34101,0.00,0.00
2016.07.14 20:18:38.098,13.33799,13.34101,0.00,0.00
2016.07.14 20:18:40.573,13.33808,13.34112,0.00,0.00
2016.07.14 20:18:43.578,13.33799,13.34101,0.00,0.00
2016.07.14 20:18:44.056,13.33799,13.34091,0.00,0.00
2016.07.14 20:18:46.789,13.33799,13.34101,0.00,0.00
2016.07.14 20:18:46.889,13.338,13.34092,0.00,0.00
2016.07.14 20:18:48.126,13.33799,13.34092,0.00,0.00
2016.07.14 20:18:49.392,13.33799,13.34101,0.00,0.00
2016.07.14 20:18:49.493,13.33809,13.34111,0.00,0.00
2016.07.14 20:18:49.996,13.33799,13.34101,0.00,0.00
2016.07.14 20:18:53.136,13.338,13.34101,0.00,0.00
2016.07.14 20:18:53.895,13.33799,13.34101,0.00,0.00
2016.07.14 20:18:55.239,13.338,13.34101,0.00,0.00
2016.07.14 20:18:56.550,13.33799,13.34101,0.00,0.00
2016.07.14 20:18:56.929,13.33809,13.34111,0.00,0.00
2016.07.14 20:18:57.907,13.338,13.34092,0.00,0.00
2016.07.14 20:18:58.580,13.33799,13.34092,0.00,0.00
2016.07.14 20:18:59.238,13.338,13.34092,0.00,0.00
2016.07.14 20:18:59.725,13.338,13.34102,0.00,0.00
2016.07.14 20:18:59.826,13.33808,13.34112,0.00,0.00
2016.07.14 20:19:01.018,13.338,13.34102,0.00,0.00
2016.07.14 20:19:01.549,13.33799,13.34102,0.00,0.00
2016.07.14 20:19:02.227,13.33799,13.34092,0.00,0.00
2016.07.14 20:19:02.919,13.338,13.34092,0.00,0.00
2016.07.14 20:19:03.528,13.33799,13.34092,0.00,0.00
2016.07.14 20:19:04.189,13.33799,13.34091,0.00,0.00
2016.07.14 20:19:04.723,13.338,13.34091,0.00,0.00
2016.07.14 20:19:05.763,13.33808,13.34112,0.00,0.00
2016.07.14 20:19:05.972,13.338,13.34102,0.00,0.00
2016.07.14 20:19:06.621,13.33799,13.34102,0.00,0.00
2016.07.14 20:19:08.092,13.338,13.34102,0.00,0.00
2016.07.14 20:19:11.298,13.33799,13.34102,0.00,0.00
2016.07.14 20:19:12.572,13.33809,13.34111,0.00,0.00
2016.07.14 20:19:14.354,13.33799,13.34092,0.00,0.00
2016.07.14 20:19:15.105,13.33788,13.34092,0.00,0.00
2016.07.14 20:19:15.155,13.33809,13.34111,0.00,0.00
2016.07.14 20:19:23.872,13.33798,13.34102,0.00,0.00
2016.07.14 20:19:35.616,13.33789,13.34091,0.00,0.00
2016.07.14 20:19:35.816,13.33798,13.34102,0.00,0.00
2016.07.14 20:19:43.894,13.33808,13.34112,0.00,0.00
2016.07.14 20:19:55.213,13.3385,13.34112,0.00,0.00
2016.07.14 20:19:55.263,13.3385,13.34141,0.00,0.00
2016.07.14 20:19:55.364,13.33899,13.34201,0.00,0.00
2016.07.14 20:19:55.419,13.33879,13.34181,0.00,0.00
2016.07.14 20:19:55.764,13.33918,13.34222,0.00,0.00
2016.07.14 20:19:55.865,13.33928,13.34232,0.00,0.00
2016.07.14 20:19:56.206,13.33918,13.34222,0.00,0.00
2016.07.14 20:19:56.537,13.33909,13.34211,0.00,0.00
2016.07.14 20:19:57.047,13.33919,13.34221,0.00,0.00
2016.07.14 20:20:00.543,13.33949,13.34242,0.00,0.00
2016.07.14 20:20:00.653,13.33978,13.34282,0.00,0.00
2016.07.14 20:20:01.154,13.33929,13.34231,0.00,0.00
2016.07.14 20:20:01.474,13.33959,13.34261,0.00,0.00
2016.07.14 20:20:01.783,13.33989,13.34291,0.00,0.00
2016.07.14 20:20:07.540,13.33968,13.34272,0.00,0.00
2016.07.14 20:20:09.543,13.33999,13.34301,0.00,0.00
2016.07.14 20:20:09.644,13.33988,13.34292,0.00,0.00
2016.07.14 20:20:11.466,13.33998,13.34302,0.00,0.00
2016.07.14 20:20:11.780,13.33978,13.34282,0.00,0.00
2016.07.14 20:20:13.151,13.33968,13.34272,0.00,0.00
2016.07.14 20:20:13.770,13.33948,13.34252,0.00,0.00
2016.07.14 20:20:14.249,13.33959,13.34261,0.00,0.00
2016.07.14 20:20:14.320,13.33968,13.34272,0.00,0.00
2016.07.14 20:20:19.685,13.33949,13.3424,0.00,0.00
2016.07.14 20:20:19.807,13.33858,13.34162,0.00,0.00
2016.07.14 20:20:23.088,13.3383,13.34112,0.00,0.00
2016.07.14 20:20:23.288,13.33849,13.34151,0.00,0.00
2016.07.14 20:20:23.366,13.33869,13.34171,0.00,0.00
2016.07.14 20:20:23.567,13.33858,13.34162,0.00,0.00
2016.07.14 20:20:24.371,13.33868,13.34172,0.00,0.00
2016.07.14 20:20:28.601,13.33878,13.34182,0.00,0.00
2016.07.14 20:20:30.504,13.33858,13.34162,0.00,0.00
2016.07.14 20:20:30.989,13.33848,13.34152,0.00,0.00
2016.07.14 20:20:31.594,13.33878,13.34182,0.00,0.00
2016.07.14 20:20:31.906,13.33869,13.34171,0.00,0.00
2016.07.14 20:20:35.211,13.33899,13.34201,0.00,0.00
2016.07.14 20:20:35.511,13.33908,13.34212,0.00,0.00
2016.07.14 20:20:38.009,13.3394,13.34232,0.00,0.00
2016.07.14 20:20:38.104,13.3394,13.34241,0.00,0.00
2016.07.14 20:20:39.005,13.3394,13.34232,0.00,0.00
2016.07.14 20:20:44.852,13.33889,13.34191,0.00,0.00
2016.07.14 20:20:44.953,13.33879,13.34181,0.00,0.00
2016.07.14 20:20:45.315,13.33898,13.34202,0.00,0.00
2016.07.14 20:20:48.019,13.33888,13.34192,0.00,0.00
2016.07.14 20:20:51.824,13.33868,13.34172,0.00,0.00
2016.07.14 20:20:55.129,13.33879,13.34181,0.00,0.00
2016.07.14 20:20:55.230,13.33868,13.34172,0.00,0.00
2016.07.14 20:20:55.441,13.33879,13.34181,0.00,0.00
2016.07.14 20:21:07.176,13.33868,13.34172,0.00,0.00
2016.07.14 20:21:07.329,13.33828,13.34131,0.00,0.00
2016.07.14 20:21:07.705,13.33789,13.34092,0.00,0.00
2016.07.14 20:21:07.956,13.33798,13.34102,0.00,0.00
2016.07.14 20:21:09.260,13.3379,13.34091,0.00,0.00
2016.07.14 20:21:09.449,13.33798,13.34102,0.00,0.00
2016.07.14 20:21:14.989,13.33788,13.34092,0.00,0.00
2016.07.14 20:21:15.316,13.33818,13.34122,0.00,0.00
2016.07.14 20:21:15.666,13.33789,13.34091,0.00,0.00
2016.07.14 20:21:18.401,13.33799,13.34101,0.00,0.00
2016.07.14 20:21:39.304,13.33809,13.34111,0.00,0.00
2016.07.14 20:21:39.608,13.33839,13.34141,0.00,0.00
2016.07.14 20:21:39.835,13.33858,13.34162,0.00,0.00
2016.07.14 20:21:39.897,13.33879,13.34181,0.00,0.00
2016.07.14 20:21:40.505,13.33849,13.34151,0.00,0.00
2016.07.14 20:21:41.006,13.33869,13.34171,0.00,0.00
2016.07.14 20:21:44.704,13.33848,13.34152,0.00,0.00
2016.07.14 20:21:48.718,13.33869,13.34171,0.00,0.00
2016.07.14 20:21:52.769,13.33879,13.34171,0.00,0.00
2016.07.14 20:21:52.820,13.33879,13.34181,0.00,0.00
2016.07.14 20:21:52.921,13.33898,13.34202,0.00,0.00
2016.07.14 20:21:53.022,13.33919,13.34221,0.00,0.00
2016.07.14 20:21:53.323,13.33898,13.34202,0.00,0.00
2016.07.14 20:21:55.930,13.33908,13.34212,0.00,0.00
2016.07.14 20:22:10.154,13.33929,13.34231,0.00,0.00
2016.07.14 20:22:12.902,13.33878,13.34182,0.00,0.00
2016.07.14 20:22:13.034,13.33869,13.34171,0.00,0.00
2016.07.14 20:22:13.084,13.33788,13.34092,0.00,0.00
2016.07.14 20:22:14.161,13.33818,13.34122,0.00,0.00
2016.07.14 20:22:14.620,13.33848,13.34152,0.00,0.00
2016.07.14 20:22:14.944,13.33879,13.34181,0.00,0.00
2016.07.14 20:22:14.995,13.33868,13.34172,0.00,0.00
2016.07.14 20:22:15.195,13.33879,13.34181,0.00,0.00
2016.07.14 20:22:15.463,13.33868,13.34172,0.00,0.00
2016.07.14 20:22:16.265,13.33858,13.34162,0.00,0.00
2016.07.14 20:22:16.649,13.33868,13.34172,0.00,0.00
2016.07.14 20:22:25.925,13.33878,13.34182,0.00,0.00
2016.07.14 20:22:26.277,13.33909,13.34211,0.00,0.00
2016.07.14 20:22:28.885,13.33919,13.34221,0.00,0.00
2016.07.14 20:23:00.524,13.33909,13.34211,0.00,0.00
2016.07.14 20:23:09.368,13.33918,13.34222,0.00,0.00
2016.07.14 20:23:09.435,13.33938,13.34242,0.00,0.00
2016.07.14 20:23:12.039,13.33918,13.34222,0.00,0.00
2016.07.14 20:23:16.064,13.33879,13.34181,0.00,0.00
2016.07.14 20:23:16.165,13.33868,13.34172,0.00,0.00
2016.07.14 20:23:18.047,13.33879,13.34181,0.00,0.00
2016.07.14 20:23:43.985,13.33878,13.34182,0.00,0.00
2016.07.14 20:23:56.609,13.33899,13.34201,0.00,0.00
2016.07.14 20:23:56.708,13.33918,13.34222,0.00,0.00
2016.07.14 20:23:59.028,13.33908,13.34212,0.00,0.00
2016.07.14 20:24:23.954,13.33909,13.34211,0.00,0.00
2016.07.14 20:24:39.294,13.33898,13.34202,0.00,0.00
2016.07.14 20:24:39.345,13.33898,13.3413,0.00,0.00
2016.07.14 20:24:39.395,13.33828,13.3413,0.00,0.00
2016.07.14 20:24:39.446,13.33828,13.34132,0.00,0.00
2016.07.14 20:24:39.496,13.33779,13.34071,0.00,0.00
2016.07.14 20:24:39.597,13.33799,13.34101,0.00,0.00
2016.07.14 20:24:39.698,13.33779,13.34061,0.00,0.00
2016.07.14 20:24:40.172,13.33789,13.34091,0.00,0.00
2016.07.14 20:24:41.189,13.33779,13.34081,0.00,0.00
2016.07.14 20:24:43.445,13.3378,13.34081,0.00,0.00
2016.07.14 20:24:44.599,13.3378,13.34102,0.00,0.00
2016.07.14 20:24:45.365,13.33779,13.34102,0.00,0.00
2016.07.14 20:24:45.416,13.33779,13.34121,0.00,0.00
2016.07.14 20:24:49.286,13.33779,13.34111,0.00,0.00
2016.07.14 20:24:57.024,13.33779,13.34131,0.00,0.00
2016.07.14 20:24:57.271,13.3378,13.34141,0.00,0.00
2016.07.14 20:25:00.235,13.33779,13.34131,0.00,0.00
2016.07.14 20:25:00.336,13.33738,13.34092,0.00,0.00
2016.07.14 20:25:03.944,13.33739,13.34101,0.00,0.00
2016.07.14 20:25:13.213,13.33739,13.34082,0.00,0.00
2016.07.14 20:25:13.522,13.33639,13.33912,0.00,0.00
2016.07.14 20:25:13.573,13.33639,13.33942,0.00,0.00
2016.07.14 20:25:13.624,13.33578,13.33942,0.00,0.00
2016.07.14 20:25:13.755,13.3356,13.33911,0.00,0.00
2016.07.14 20:25:13.856,13.33589,13.33942,0.00,0.00
2016.07.14 20:25:14.053,13.33589,13.33932,0.00,0.00
2016.07.14 20:25:14.153,13.33589,13.33952,0.00,0.00
2016.07.14 20:25:14.234,13.33589,13.33941,0.00,0.00
2016.07.14 20:25:15.166,13.33598,13.33952,0.00,0.00
2016.07.14 20:25:16.640,13.33609,13.33952,0.00,0.00
2016.07.14 20:25:16.741,13.33609,13.33971,0.00,0.00
2016.07.14 20:25:16.838,13.33638,13.33992,0.00,0.00
2016.07.14 20:25:17.141,13.33628,13.33982,0.00,0.00
2016.07.14 20:25:17.239,13.33609,13.33971,0.00,0.00
2016.07.14 20:25:20.084,13.33628,13.33982,0.00,0.00
2016.07.14 20:25:21.946,13.33639,13.33991,0.00,0.00
2016.07.14 20:25:22.146,13.33638,13.34002,0.00,0.00
2016.07.14 20:25:24.650,13.33619,13.33971,0.00,0.00
2016.07.14 20:25:24.751,13.33639,13.34001,0.00,0.00
2016.07.14 20:25:24.950,13.33629,13.33981,0.00,0.00
2016.07.14 20:25:26.251,13.33609,13.33971,0.00,0.00
2016.07.14 20:25:26.760,13.3361,13.33971,0.00,0.00
2016.07.14 20:25:26.855,13.33638,13.33992,0.00,0.00
2016.07.14 20:25:28.857,13.33648,13.34012,0.00,0.00
2016.07.14 20:25:30.259,13.33629,13.33981,0.00,0.00
2016.07.14 20:25:31.970,13.33639,13.34001,0.00,0.00
2016.07.14 20:25:35.668,13.33628,13.33982,0.00,0.00
2016.07.14 20:25:35.769,13.33638,13.34002,0.00,0.00
2016.07.14 20:25:40.176,13.33658,13.34012,0.00,0.00
2016.07.14 20:25:40.577,13.33629,13.33981,0.00,0.00
2016.07.14 20:25:40.914,13.3361,13.33961,0.00,0.00
2016.07.14 20:25:41.575,13.33609,13.33961,0.00,0.00
2016.07.14 20:25:42.284,13.33618,13.33972,0.00,0.00
2016.07.14 20:25:43.321,13.33609,13.33962,0.00,0.00
2016.07.14 20:25:43.383,13.33618,13.33972,0.00,0.00
2016.07.14 20:25:47.593,13.3361,13.33962,0.00,0.00
2016.07.14 20:25:47.644,13.33608,13.33962,0.00,0.00
2016.07.14 20:25:47.695,13.33589,13.33922,0.00,0.00
2016.07.14 20:25:47.796,13.33598,13.33962,0.00,0.00
2016.07.14 20:25:48.095,13.3359,13.33941,0.00,0.00
2016.07.14 20:25:48.196,13.33609,13.33972,0.00,0.00
2016.07.14 20:25:48.297,13.33639,13.33991,0.00,0.00
2016.07.14 20:25:48.396,13.33618,13.33982,0.00,0.00
2016.07.14 20:25:48.596,13.3361,13.33971,0.00,0.00
2016.07.14 20:25:49.124,13.33609,13.33971,0.00,0.00
2016.07.14 20:25:49.517,13.33629,13.33981,0.00,0.00
2016.07.14 20:25:50.573,13.33629,13.3393,0.00,0.00
2016.07.14 20:25:50.623,13.33578,13.33909,0.00,0.00
2016.07.14 20:25:50.724,13.33539,13.33901,0.00,0.00
2016.07.14 20:25:50.825,13.33528,13.33882,0.00,0.00
2016.07.14 20:25:51.168,13.33538,13.33892,0.00,0.00
2016.07.14 20:25:54.841,13.33518,13.33872,0.00,0.00
2016.07.14 20:25:55.914,13.33529,13.33881,0.00,0.00
2016.07.14 20:25:58.152,13.33509,13.33872,0.00,0.00
2016.07.14 20:25:58.720,13.33509,13.33842,0.00,0.00
2016.07.14 20:25:58.821,13.33509,13.33872,0.00,0.00
2016.07.14 20:25:59.144,13.3351,13.33861,0.00,0.00
2016.07.14 20:25:59.245,13.33509,13.33872,0.00,0.00
2016.07.14 20:26:00.462,13.3351,13.33861,0.00,0.00
2016.07.14 20:26:04.637,13.3351,13.33872,0.00,0.00
2016.07.14 20:26:05.765,13.33509,13.33872,0.00,0.00
2016.07.14 20:26:06.793,13.3351,13.33851,0.00,0.00
2016.07.14 20:26:10.174,13.33509,13.33851,0.00,0.00
2016.07.14 20:26:11.902,13.3351,13.33861,0.00,0.00
2016.07.14 20:26:13.405,13.33509,13.33861,0.00,0.00
2016.07.14 20:26:14.280,13.3351,13.33861,0.00,0.00
2016.07.14 20:26:15.182,13.33509,13.33861,0.00,0.00
2016.07.14 20:26:20.895,13.3351,13.33861,0.00,0.00
2016.07.14 20:26:21.897,13.33509,13.33861,0.00,0.00
2016.07.14 20:26:29.432,13.33509,13.33851,0.00,0.00
2016.07.14 20:26:29.622,13.33509,13.33861,0.00,0.00
2016.07.14 20:26:29.722,13.33528,13.33892,0.00,0.00
2016.07.14 20:26:31.937,13.33518,13.33882,0.00,0.00
2016.07.14 20:26:43.919,13.33529,13.33881,0.00,0.00
2016.07.14 20:26:44.235,13.33509,13.33862,0.00,0.00
2016.07.14 20:26:45.675,13.3351,13.33862,0.00,0.00
2016.07.14 20:26:46.980,13.33509,13.33862,0.00,0.00
2016.07.14 20:26:51.294,13.3351,13.33862,0.00,0.00
2016.07.14 20:26:51.896,13.33509,13.33862,0.00,0.00
2016.07.14 20:26:55.144,13.3351,13.33862,0.00,0.00
2016.07.14 20:26:55.338,13.33518,13.33882,0.00,0.00
2016.07.14 20:26:55.439,13.33508,13.3384,0.00,0.00
2016.07.14 20:26:55.774,13.33459,13.33771,0.00,0.00
2016.07.14 20:26:55.962,13.3346,13.33822,0.00,0.00
2016.07.14 20:26:56.154,13.33459,13.33812,0.00,0.00
2016.07.14 20:26:56.469,13.33509,13.33821,0.00,0.00
2016.07.14 20:26:56.539,13.33509,13.33872,0.00,0.00
2016.07.14 20:26:56.965,13.33509,13.33841,0.00,0.00
2016.07.14 20:26:57.040,13.33518,13.33872,0.00,0.00
2016.07.14 20:26:57.210,13.33521,13.33872,0.00,0.00
2016.07.14 20:26:57.540,13.33609,13.33961,0.00,0.00
2016.07.14 20:26:57.641,13.33609,13.33941,0.00,0.00
2016.07.14 20:26:58.149,13.3361,13.33941,0.00,0.00
2016.07.14 20:26:59.123,13.33609,13.33941,0.00,0.00
2016.07.14 20:27:00.273,13.33609,13.33962,0.00,0.00
2016.07.14 20:27:00.545,13.33609,13.33952,0.00,0.00
2016.07.14 20:27:01.120,13.3361,13.33952,0.00,0.00
2016.07.14 20:27:02.086,13.3361,13.33962,0.00,0.00
2016.07.14 20:27:02.938,13.33609,13.33962,0.00,0.00
2016.07.14 20:27:04.843,13.3361,13.33962,0.00,0.00
2016.07.14 20:27:06.745,13.33609,13.33962,0.00,0.00
2016.07.14 20:27:10.153,13.3361,13.33962,0.00,0.00
2016.07.14 20:27:11.860,13.33609,13.33962,0.00,0.00
2016.07.14 20:27:11.911,13.33609,13.33951,0.00,0.00
2016.07.14 20:27:12.462,13.3361,13.33951,0.00,0.00
2016.07.14 20:27:16.275,13.33609,13.33951,0.00,0.00
2016.07.14 20:27:25.703,13.3361,13.33951,0.00,0.00
2016.07.14 20:27:29.519,13.33609,13.33951,0.00,0.00
2016.07.14 20:27:30.283,13.33609,13.33942,0.00,0.00
2016.07.14 20:27:31.466,13.3361,13.33942,0.00,0.00
2016.07.14 20:27:31.915,13.3361,13.33951,0.00,0.00
2016.07.14 20:27:34.335,13.33609,13.33951,0.00,0.00
2016.07.14 20:27:34.436,13.33609,13.33962,0.00,0.00
2016.07.14 20:27:34.494,13.33609,13.33941,0.00,0.00
2016.07.14 20:27:35.238,13.3361,13.33941,0.00,0.00
2016.07.14 20:27:37.142,13.33609,13.33941,0.00,0.00
2016.07.14 20:27:39.108,13.3361,13.33941,0.00,0.00
2016.07.14 20:27:40.951,13.33609,13.33941,0.00,0.00
2016.07.14 20:27:41.604,13.33609,13.33952,0.00,0.00
2016.07.14 20:27:42.857,13.3361,13.33952,0.00,0.00
2016.07.14 20:27:44.793,13.33609,13.33952,0.00,0.00
2016.07.14 20:27:46.736,13.3361,13.33952,0.00,0.00
2016.07.14 20:27:52.421,13.33609,13.33952,0.00,0.00
2016.07.14 20:27:54.190,13.3361,13.33952,0.00,0.00
2016.07.14 20:27:55.093,13.33609,13.33952,0.00,0.00
2016.07.14 20:27:55.143,13.33609,13.33922,0.00,0.00
2016.07.14 20:27:55.345,13.33609,13.33932,0.00,0.00
2016.07.14 20:27:55.447,13.33609,13.33961,0.00,0.00
2016.07.14 20:27:55.548,13.33609,13.33952,0.00,0.00
2016.07.14 20:27:56.091,13.3361,13.33952,0.00,0.00
2016.07.14 20:27:56.752,13.33609,13.33952,0.00,0.00
2016.07.14 20:27:59.905,13.3361,13.33952,0.00,0.00
2016.07.14 20:28:03.715,13.33609,13.33952,0.00,0.00
2016.07.14 20:28:05.319,13.3361,13.33952,0.00,0.00
2016.07.14 20:28:06.085,13.33609,13.33952,0.00,0.00
2016.07.14 20:28:07.063,13.3361,13.33952,0.00,0.00
2016.07.14 20:28:07.736,13.33609,13.33952,0.00,0.00
2016.07.14 20:28:09.437,13.3361,13.33952,0.00,0.00
2016.07.14 20:28:13.235,13.33609,13.33952,0.00,0.00
2016.07.14 20:28:14.363,13.33609,13.33962,0.00,0.00
2016.07.14 20:28:16.175,13.33609,13.33951,0.00,0.00
2016.07.14 20:28:16.543,13.3361,13.33912,0.00,0.00
2016.07.14 20:28:17.294,13.3361,13.33922,0.00,0.00
2016.07.14 20:28:17.395,13.33609,13.33942,0.00,0.00
2016.07.14 20:28:17.457,13.33609,13.33951,0.00,0.00
2016.07.14 20:28:20.852,13.3361,13.33951,0.00,0.00
2016.07.14 20:28:21.483,13.33609,13.33951,0.00,0.00
2016.07.14 20:28:24.187,13.3361,13.33941,0.00,0.00
2016.07.14 20:28:24.744,13.33609,13.33941,0.00,0.00
2016.07.14 20:28:25.216,13.33609,13.33931,0.00,0.00
2016.07.14 20:28:25.316,13.3361,13.33942,0.00,0.00
2016.07.14 20:28:25.370,13.3361,13.33951,0.00,0.00
2016.07.14 20:28:26.067,13.33609,13.33951,0.00,0.00
2016.07.14 20:28:35.403,13.33609,13.33921,0.00,0.00
2016.07.14 20:28:36.188,13.33609,13.33952,0.00,0.00
2016.07.14 20:28:36.289,13.33609,13.33961,0.00,0.00
2016.07.14 20:28:37.912,13.3361,13.33961,0.00,0.00
2016.07.14 20:28:39.167,13.3361,13.33951,0.00,0.00
2016.07.14 20:28:39.816,13.33609,13.33951,0.00,0.00
2016.07.14 20:28:40.311,13.33609,13.33932,0.00,0.00
2016.07.14 20:28:40.411,13.3361,13.33952,0.00,0.00
2016.07.14 20:28:40.512,13.33609,13.33971,0.00,0.00
2016.07.14 20:28:47.434,13.3361,13.33971,0.00,0.00
2016.07.14 20:28:49.338,13.33609,13.33971,0.00,0.00
2016.07.14 20:28:51.243,13.3361,13.33971,0.00,0.00
2016.07.14 20:28:51.773,13.33609,13.33971,0.00,0.00
2016.07.14 20:28:51.909,13.33609,13.33961,0.00,0.00
2016.07.14 20:28:53.147,13.3361,13.33961,0.00,0.00
2016.07.14 20:28:54.744,13.3361,13.33931,0.00,0.00
2016.07.14 20:28:54.844,13.33609,13.33941,0.00,0.00
2016.07.14 20:28:54.945,13.3361,13.33972,0.00,0.00
2016.07.14 20:28:55.929,13.3361,13.33942,0.00,0.00
2016.07.14 20:28:56.724,13.33609,13.33942,0.00,0.00
2016.07.14 20:29:00.768,13.3361,13.33942,0.00,0.00
2016.07.14 20:29:01.937,13.3361,13.33972,0.00,0.00
2016.07.14 20:29:02.088,13.3367,13.33972,0.00,0.00
2016.07.14 20:29:02.189,13.3361,13.33962,0.00,0.00
2016.07.14 20:29:02.338,13.33618,13.33972,0.00,0.00
2016.07.14 20:29:02.624,13.3361,13.33942,0.00,0.00
2016.07.14 20:29:02.938,13.33609,13.33932,0.00,0.00
2016.07.14 20:29:03.039,13.33609,13.33962,0.00,0.00
2016.07.14 20:29:03.224,13.3361,13.33942,0.00,0.00
2016.07.14 20:29:04.027,13.3361,13.33961,0.00,0.00
2016.07.14 20:29:04.158,13.33618,13.33972,0.00,0.00
2016.07.14 20:29:09.543,13.3361,13.33962,0.00,0.00
2016.07.14 20:29:10.195,13.33609,13.33962,0.00,0.00
2016.07.14 20:29:12.102,13.3361,13.33962,0.00,0.00
2016.07.14 20:29:14.008,13.33609,13.33962,0.00,0.00
2016.07.14 20:29:23.891,13.33609,13.33961,0.00,0.00
2016.07.14 20:29:25.433,13.3361,13.33961,0.00,0.00
2016.07.14 20:29:27.336,13.33609,13.33961,0.00,0.00
2016.07.14 20:29:31.167,13.3361,13.33961,0.00,0.00
2016.07.14 20:29:35.031,13.33609,13.33961,0.00,0.00
2016.07.14 20:29:42.596,13.3361,13.33961,0.00,0.00
2016.07.14 20:29:43.916,13.3361,13.33952,0.00,0.00
2016.07.14 20:29:44.502,13.33609,13.33952,0.00,0.00
2016.07.14 20:29:46.289,13.3361,13.33952,0.00,0.00
2016.07.14 20:29:48.245,13.33609,13.33952,0.00,0.00
2016.07.14 20:29:52.006,13.3361,13.33952,0.00,0.00
2016.07.14 20:29:53.194,13.3361,13.33941,0.00,0.00
2016.07.14 20:29:53.771,13.33609,13.33941,0.00,0.00
2016.07.14 20:29:55.233,13.3361,13.33931,0.00,0.00
2016.07.14 20:29:55.363,13.3361,13.33952,0.00,0.00
2016.07.14 20:29:56.265,13.33618,13.33972,0.00,0.00
2016.07.14 20:29:57.066,13.3361,13.33961,0.00,0.00
2016.07.14 20:30:00.031,13.3361,13.3401,0.00,0.00
2016.07.14 20:30:01.526,13.33609,13.34011,0.00,0.00
2016.07.14 20:30:03.460,13.3361,13.3401,0.00,0.00
2016.07.14 20:30:07.349,13.33609,13.34011,0.00,0.00
2016.07.14 20:30:10.584,13.3359,13.3397,0.00,0.00
2016.07.14 20:30:11.002,13.3356,13.339,0.00,0.00
2016.07.14 20:30:11.055,13.33559,13.33971,0.00,0.00
2016.07.14 20:30:14.711,13.3356,13.3397,0.00,0.00
2016.07.14 20:30:18.269,13.33559,13.33971,0.00,0.00
2016.07.14 20:30:20.172,13.3356,13.3397,0.00,0.00
2016.07.14 20:30:22.076,13.3351,13.3393,0.00,0.00
2016.07.14 20:30:23.981,13.33509,13.33931,0.00,0.00
2016.07.14 20:30:29.640,13.3351,13.3393,0.00,0.00
2016.07.14 20:30:31.297,13.33509,13.33931,0.00,0.00
2016.07.14 20:30:37.207,13.3351,13.3393,0.00,0.00
2016.07.14 20:30:39.219,13.33509,13.33931,0.00,0.00
2016.07.14 20:30:46.746,13.3351,13.3393,0.00,0.00
2016.07.14 20:30:48.641,13.33509,13.33931,0.00,0.00
2016.07.14 20:30:51.367,13.3351,13.3393,0.00,0.00
2016.07.14 20:30:52.447,13.33509,13.33931,0.00,0.00
2016.07.14 20:30:54.350,13.3351,13.3393,0.00,0.00
2016.07.14 20:30:56.254,13.33509,13.33931,0.00,0.00
2016.07.14 20:31:03.875,13.3351,13.3393,0.00,0.00
2016.07.14 20:31:05.772,13.33509,13.33931,0.00,0.00
2016.07.14 20:31:07.675,13.3351,13.3393,0.00,0.00
2016.07.14 20:31:13.387,13.33509,13.33931,0.00,0.00
2016.07.14 20:31:15.215,13.3351,13.3393,0.00,0.00
2016.07.14 20:31:17.094,13.33509,13.33931,0.00,0.00
2016.07.14 20:31:18.998,13.3351,13.3393,0.00,0.00
2016.07.14 20:31:22.808,13.33509,13.33931,0.00,0.00
2016.07.14 20:31:26.614,13.3351,13.3393,0.00,0.00
2016.07.14 20:31:31.323,13.33509,13.33931,0.00,0.00
2016.07.14 20:31:32.325,13.3351,13.3393,0.00,0.00
2016.07.14 20:31:34.229,13.33509,13.33931,0.00,0.00
2016.07.14 20:31:38.054,13.3351,13.3393,0.00,0.00
2016.07.14 20:31:38.984,13.33509,13.33931,0.00,0.00
2016.07.14 20:31:39.974,13.3351,13.3393,0.00,0.00
2016.07.14 20:31:41.843,13.33509,13.33931,0.00,0.00
2016.07.14 20:31:43.747,13.3351,13.3393,0.00,0.00
2016.07.14 20:31:45.651,13.33509,13.33931,0.00,0.00
2016.07.14 20:31:51.363,13.3351,13.3393,0.00,0.00
2016.07.14 20:31:55.190,13.33509,13.33931,0.00,0.00
2016.07.14 20:32:04.590,13.3351,13.3393,0.00,0.00
2016.07.14 20:32:06.494,13.33509,13.33931,0.00,0.00
2016.07.14 20:32:06.995,13.3351,13.3393,0.00,0.00
2016.07.14 20:32:12.208,13.33509,13.33931,0.00,0.00
2016.07.14 20:32:14.154,13.3351,13.3393,0.00,0.00
2016.07.14 20:32:16.055,13.33509,13.33931,0.00,0.00
2016.07.14 20:32:17.924,13.3351,13.3393,0.00,0.00
2016.07.14 20:32:19.829,13.33509,13.33931,0.00,0.00
2016.07.14 20:32:23.684,13.3351,13.3393,0.00,0.00
2016.07.14 20:32:25.539,13.33509,13.33931,0.00,0.00
2016.07.14 20:32:33.151,13.3351,13.3393,0.00,0.00
2016.07.14 20:32:35.085,13.33509,13.33931,0.00,0.00
2016.07.14 20:32:38.861,13.3351,13.3393,0.00,0.00
2016.07.14 20:32:42.604,13.33509,13.33931,0.00,0.00
2016.07.14 20:32:43.213,13.3351,13.3393,0.00,0.00
2016.07.14 20:32:44.608,13.33509,13.33931,0.00,0.00
2016.07.14 20:32:46.275,13.3351,13.3393,0.00,0.00
2016.07.14 20:32:46.843,13.33509,13.33931,0.00,0.00
2016.07.14 20:32:48.279,13.3351,13.3393,0.00,0.00
2016.07.14 20:32:52.086,13.33509,13.33931,0.00,0.00
2016.07.14 20:32:57.025,13.33519,13.33931,0.00,0.00
2016.07.14 20:32:57.597,13.33509,13.33931,0.00,0.00
2016.07.14 20:32:58.399,13.3351,13.3393,0.00,0.00
2016.07.14 20:32:59.060,13.33509,13.33931,0.00,0.00
2016.07.14 20:32:59.754,13.3351,13.3393,0.00,0.00
2016.07.14 20:33:01.606,13.33509,13.33931,0.00,0.00
2016.07.14 20:33:05.415,13.3351,13.3393,0.00,0.00
2016.07.14 20:33:07.361,13.33509,13.33931,0.00,0.00
2016.07.14 20:33:10.152,13.3351,13.3393,0.00,0.00
2016.07.14 20:33:11.226,13.33509,13.33931,0.00,0.00
2016.07.14 20:33:11.898,13.3351,13.3393,0.00,0.00
2016.07.14 20:33:13.036,13.33509,13.33931,0.00,0.00
2016.07.14 20:33:14.733,13.3351,13.3393,0.00,0.00
2016.07.14 20:33:15.834,13.33509,13.33931,0.00,0.00
2016.07.14 20:33:18.443,13.3351,13.3393,0.00,0.00
2016.07.14 20:33:22.182,13.33509,13.33931,0.00,0.00
2016.07.14 20:33:25.189,13.3351,13.3393,0.00,0.00
2016.07.14 20:33:26.067,13.33509,13.33931,0.00,0.00
2016.07.14 20:33:29.675,13.3351,13.3393,0.00,0.00
2016.07.14 20:33:30.255,13.33509,13.33931,0.00,0.00
2016.07.14 20:33:32.060,13.3351,13.3393,0.00,0.00
2016.07.14 20:33:33.688,13.33509,13.33931,0.00,0.00
2016.07.14 20:33:33.936,13.33509,13.33921,0.00,0.00
2016.07.14 20:33:35.206,13.3351,13.3393,0.00,0.00
2016.07.14 20:33:37.499,13.33509,13.33931,0.00,0.00
2016.07.14 20:33:41.310,13.3351,13.3393,0.00,0.00
2016.07.14 20:33:41.713,13.33509,13.33921,0.00,0.00
2016.07.14 20:33:42.915,13.33509,13.33841,0.00,0.00
2016.07.14 20:33:43.116,13.33509,13.33921,0.00,0.00
2016.07.14 20:33:43.818,13.3351,13.3392,0.00,0.00
2016.07.14 20:33:44.335,13.33509,13.33921,0.00,0.00
2016.07.14 20:33:44.921,13.3351,13.3392,0.00,0.00
2016.07.14 20:33:48.633,13.33509,13.33921,0.00,0.00
2016.07.14 20:33:49.575,13.33489,13.33881,0.00,0.00
2016.07.14 20:33:51.555,13.3349,13.3388,0.00,0.00
2016.07.14 20:33:54.575,13.33489,13.33881,0.00,0.00
2016.07.14 20:33:55.356,13.3349,13.3388,0.00,0.00
2016.07.14 20:33:59.998,13.33509,13.33921,0.00,0.00
2016.07.14 20:34:01.883,13.3351,13.3392,0.00,0.00
2016.07.14 20:34:02.589,13.33509,13.33921,0.00,0.00
2016.07.14 20:34:03.153,13.3351,13.3392,0.00,0.00
2016.07.14 20:34:03.774,13.33509,13.33921,0.00,0.00
2016.07.14 20:34:05.679,13.3351,13.3392,0.00,0.00
2016.07.14 20:34:07.582,13.33509,13.33921,0.00,0.00
2016.07.14 20:34:08.521,13.33489,13.33881,0.00,0.00
2016.07.14 20:34:09.185,13.3343,13.3383,0.00,0.00
2016.07.14 20:34:09.286,13.33429,13.33821,0.00,0.00
2016.07.14 20:34:11.289,13.3343,13.3382,0.00,0.00
2016.07.14 20:34:13.135,13.33429,13.33821,0.00,0.00
2016.07.14 20:34:16.902,13.3343,13.3382,0.00,0.00
2016.07.14 20:34:18.809,13.33429,13.33821,0.00,0.00
2016.07.14 20:34:19.630,13.33359,13.33731,0.00,0.00
2016.07.14 20:34:20.561,13.33329,13.33731,0.00,0.00
2016.07.14 20:34:21.066,13.3333,13.3373,0.00,0.00
2016.07.14 20:34:21.667,13.33329,13.33731,0.00,0.00
2016.07.14 20:34:23.424,13.3333,13.3373,0.00,0.00
2016.07.14 20:34:25.349,13.33329,13.33731,0.00,0.00
2016.07.14 20:34:34.853,13.3333,13.3373,0.00,0.00
2016.07.14 20:34:36.756,13.33329,13.33731,0.00,0.00
2016.07.14 20:34:38.659,13.3333,13.3373,0.00,0.00
2016.07.14 20:34:40.611,13.33329,13.33731,0.00,0.00
2016.07.14 20:34:50.499,13.3331,13.3364,0.00,0.00
2016.07.14 20:34:51.000,13.33309,13.33721,0.00,0.00
2016.07.14 20:34:51.801,13.3331,13.3373,0.00,0.00
2016.07.14 20:34:52.395,13.33309,13.33731,0.00,0.00
2016.07.14 20:34:54.300,13.3331,13.3373,0.00,0.00
2016.07.14 20:34:56.205,13.33309,13.33731,0.00,0.00
2016.07.14 20:34:58.160,13.3331,13.3373,0.00,0.00
2016.07.14 20:35:00.616,13.33309,13.33721,0.00,0.00
2016.07.14 20:35:03.821,13.3331,13.3372,0.00,0.00
2016.07.14 20:35:05.725,13.33309,13.33721,0.00,0.00
2016.07.14 20:35:07.628,13.3331,13.3372,0.00,0.00
2016.07.14 20:35:09.131,13.3331,13.3373,0.00,0.00
2016.07.14 20:35:09.705,13.33309,13.33731,0.00,0.00
2016.07.14 20:35:13.343,13.3331,13.3373,0.00,0.00
2016.07.14 20:35:15.248,13.33309,13.33731,0.00,0.00
2016.07.14 20:35:17.152,13.3331,13.3373,0.00,0.00
2016.07.14 20:35:19.057,13.33309,13.33731,0.00,0.00
2016.07.14 20:35:20.964,13.3331,13.3373,0.00,0.00
2016.07.14 20:35:24.810,13.33309,13.33731,0.00,0.00
2016.07.14 20:35:25.075,13.33309,13.33721,0.00,0.00
2016.07.14 20:35:25.576,13.3331,13.3373,0.00,0.00
2016.07.14 20:35:26.153,13.33309,13.33731,0.00,0.00
2016.07.14 20:35:26.814,13.3331,13.3373,0.00,0.00
2016.07.14 20:35:28.515,13.33309,13.33731,0.00,0.00
2016.07.14 20:35:30.389,13.3331,13.3373,0.00,0.00
2016.07.14 20:35:31.291,13.33309,13.33731,0.00,0.00
2016.07.14 20:35:36.128,13.3331,13.3373,0.00,0.00
2016.07.14 20:35:39.913,13.33309,13.33731,0.00,0.00
2016.07.14 20:35:40.699,13.3331,13.3373,0.00,0.00
2016.07.14 20:35:41.816,13.33309,13.33731,0.00,0.00
2016.07.14 20:35:45.623,13.3331,13.3373,0.00,0.00
2016.07.14 20:35:46.672,13.33309,13.33731,0.00,0.00
2016.07.14 20:35:53.237,13.3331,13.3373,0.00,0.00
2016.07.14 20:35:57.048,13.33309,13.33731,0.00,0.00
2016.07.14 20:36:01.072,13.3339,13.3378,0.00,0.00
2016.07.14 20:36:01.183,13.33409,13.33821,0.00,0.00
2016.07.14 20:36:02.886,13.3341,13.3382,0.00,0.00
2016.07.14 20:36:03.877,13.33409,13.33821,0.00,0.00
2016.07.14 20:36:04.969,13.3341,13.3382,0.00,0.00
2016.07.14 20:36:05.571,13.33409,13.33821,0.00,0.00
2016.07.14 20:36:06.677,13.33509,13.33921,0.00,0.00
2016.07.14 20:36:08.280,13.33509,13.33931,0.00,0.00
2016.07.14 20:36:09.081,13.3351,13.3393,0.00,0.00
2016.07.14 20:36:11.286,13.33509,13.33931,0.00,0.00
2016.07.14 20:36:13.391,13.3351,13.3393,0.00,0.00
2016.07.14 20:36:14.293,13.33509,13.33931,0.00,0.00
2016.07.14 20:36:16.198,13.3351,13.3393,0.00,0.00
2016.07.14 20:36:21.913,13.33509,13.33931,0.00,0.00
2016.07.14 20:36:31.438,13.3351,13.3393,0.00,0.00
2016.07.14 20:36:33.343,13.33509,13.33931,0.00,0.00
2016.07.14 20:36:35.148,13.3351,13.3393,0.00,0.00
2016.07.14 20:36:35.664,13.33509,13.33931,0.00,0.00
2016.07.14 20:36:38.559,13.33579,13.33931,0.00,0.00
2016.07.14 20:36:38.686,13.33509,13.33921,0.00,0.00
2016.07.14 20:36:39.061,13.3351,13.3393,0.00,0.00
2016.07.14 20:36:40.206,13.33509,13.33911,0.00,0.00
2016.07.14 20:36:40.265,13.3351,13.3393,0.00,0.00
2016.07.14 20:36:42.772,13.33509,13.33931,0.00,0.00
2016.07.14 20:36:46.600,13.3351,13.3393,0.00,0.00
2016.07.14 20:36:48.483,13.33509,13.33931,0.00,0.00
2016.07.14 20:36:51.891,13.33509,13.33921,0.00,0.00
2016.07.14 20:36:52.571,13.3351,13.3392,0.00,0.00
2016.07.14 20:36:56.096,13.33509,13.33921,0.00,0.00
2016.07.14 20:36:57.399,13.3351,13.3392,0.00,0.00
2016.07.14 20:36:57.934,13.33509,13.33921,0.00,0.00
2016.07.14 20:37:00.122,13.33489,13.33881,0.00,0.00
2016.07.14 20:37:06.729,13.3349,13.3388,0.00,0.00
2016.07.14 20:37:07.331,13.33489,13.33881,0.00,0.00
2016.07.14 20:37:08.980,13.33459,13.33831,0.00,0.00
2016.07.14 20:37:09.478,13.33409,13.33831,0.00,0.00
2016.07.14 20:37:13.653,13.3341,13.3383,0.00,0.00
2016.07.14 20:37:16.588,13.33409,13.33831,0.00,0.00
2016.07.14 20:37:17.577,13.3341,13.3383,0.00,0.00
2016.07.14 20:37:18.095,13.33409,13.33831,0.00,0.00
2016.07.14 20:37:18.747,13.3341,13.3383,0.00,0.00
2016.07.14 20:37:20.379,13.33409,13.33831,0.00,0.00
2016.07.14 20:37:26.602,13.3341,13.3383,0.00,0.00
2016.07.14 20:37:27.859,13.33409,13.33801,0.00,0.00
2016.07.14 20:37:28.310,13.33409,13.33831,0.00,0.00
2016.07.14 20:37:29.863,13.3341,13.3383,0.00,0.00
2016.07.14 20:37:31.321,13.33409,13.33831,0.00,0.00
2016.07.14 20:37:41.151,13.3341,13.3383,0.00,0.00
2016.07.14 20:37:43.255,13.334,13.3383,0.00,0.00
2016.07.14 20:37:46.861,13.33399,13.33831,0.00,0.00
2016.07.14 20:37:48.698,13.33409,13.33831,0.00,0.00
2016.07.14 20:37:49.362,13.3341,13.3383,0.00,0.00
2016.07.14 20:37:50.569,13.33409,13.33831,0.00,0.00
2016.07.14 20:37:52.575,13.3341,13.3383,0.00,0.00
2016.07.14 20:37:54.479,13.33409,13.33831,0.00,0.00
2016.07.14 20:37:56.382,13.3341,13.3383,0.00,0.00
2016.07.14 20:37:58.324,13.33409,13.33831,0.00,0.00
2016.07.14 20:37:58.933,13.3341,13.3383,0.00,0.00
2016.07.14 20:38:00.188,13.33409,13.33831,0.00,0.00
2016.07.14 20:38:02.092,13.3341,13.3383,0.00,0.00
2016.07.14 20:38:03.996,13.33409,13.33831,0.00,0.00
2016.07.14 20:38:11.317,13.3341,13.3383,0.00,0.00
2016.07.14 20:38:14.947,13.33409,13.33831,0.00,0.00
2016.07.14 20:38:21.036,13.3341,13.3383,0.00,0.00
2016.07.14 20:38:23.140,13.33409,13.33831,0.00,0.00
2016.07.14 20:38:28.652,13.3341,13.3383,0.00,0.00
2016.07.14 20:38:30.595,13.33409,13.33831,0.00,0.00
2016.07.14 20:38:31.357,13.3341,13.3383,0.00,0.00
2016.07.14 20:38:33.766,13.3349,13.3385,0.00,0.00
2016.07.14 20:38:33.944,13.3349,13.3387,0.00,0.00
2016.07.14 20:38:34.480,13.33489,13.33871,0.00,0.00
2016.07.14 20:38:40.974,13.3349,13.3387,0.00,0.00
2016.07.14 20:38:41.095,13.335,13.3393,0.00,0.00
2016.07.14 20:38:43.279,13.33499,13.33931,0.00,0.00
2016.07.14 20:38:44.181,13.335,13.3393,0.00,0.00
2016.07.14 20:38:44.982,13.33499,13.33931,0.00,0.00
2016.07.14 20:38:45.783,13.335,13.3393,0.00,0.00
2016.07.14 20:38:46.785,13.33499,13.33931,0.00,0.00
2016.07.14 20:38:48.688,13.335,13.3393,0.00,0.00
2016.07.14 20:38:50.638,13.33499,13.33931,0.00,0.00
2016.07.14 20:38:52.495,13.335,13.3393,0.00,0.00
2016.07.14 20:38:56.502,13.33499,13.33931,0.00,0.00
2016.07.14 20:38:57.303,13.335,13.3393,0.00,0.00
2016.07.14 20:38:58.205,13.33499,13.33931,0.00,0.00
2016.07.14 20:39:00.127,13.33549,13.33941,0.00,0.00
2016.07.14 20:39:00.520,13.3356,13.3394,0.00,0.00
2016.07.14 20:39:02.012,13.33559,13.33941,0.00,0.00
2016.07.14 20:39:07.723,13.3356,13.3394,0.00,0.00
2016.07.14 20:39:09.937,13.33559,13.33941,0.00,0.00
2016.07.14 20:39:13.435,13.3356,13.3394,0.00,0.00
2016.07.14 20:39:15.342,13.33559,13.33941,0.00,0.00
2016.07.14 20:39:17.248,13.3356,13.3394,0.00,0.00
2016.07.14 20:39:19.183,13.33559,13.33941,0.00,0.00
2016.07.14 20:39:20.288,13.3353,13.3393,0.00,0.00
2016.07.14 20:39:20.356,13.33509,13.33931,0.00,0.00
2016.07.14 20:39:25.974,13.3351,13.3393,0.00,0.00
2016.07.14 20:39:27.878,13.33509,13.33931,0.00,0.00
2016.07.14 20:39:31.739,13.3351,13.3393,0.00,0.00
2016.07.14 20:39:32.293,13.33509,13.33931,0.00,0.00
2016.07.14 20:39:33.896,13.3351,13.3393,0.00,0.00
2016.07.14 20:39:39.311,13.33509,13.33931,0.00,0.00
2016.07.14 20:39:41.215,13.3351,13.3393,0.00,0.00
2016.07.14 20:39:43.356,13.33509,13.33931,0.00,0.00
2016.07.14 20:39:45.022,13.3351,13.3393,0.00,0.00
2016.07.14 20:39:46.925,13.33509,13.33931,0.00,0.00
2016.07.14 20:39:48.828,13.3351,13.3393,0.00,0.00
2016.07.14 20:39:50.631,13.33509,13.33931,0.00,0.00
2016.07.14 20:39:51.333,13.3351,13.3393,0.00,0.00
2016.07.14 20:39:55.774,13.33509,13.33931,0.00,0.00
2016.07.14 20:39:56.345,13.3351,13.3393,0.00,0.00
2016.07.14 20:39:58.249,13.33509,13.33931,0.00,0.00
2016.07.14 20:40:02.061,13.3351,13.3393,0.00,0.00
2016.07.14 20:40:02.771,13.33509,13.33931,0.00,0.00
2016.07.14 20:40:03.964,13.3351,13.3393,0.00,0.00
2016.07.14 20:40:06.476,13.33499,13.33931,0.00,0.00
2016.07.14 20:40:07.270,13.335,13.3393,0.00,0.00
2016.07.14 20:40:07.771,13.33499,13.33931,0.00,0.00
2016.07.14 20:40:09.677,13.335,13.3393,0.00,0.00
2016.07.14 20:40:11.282,13.33499,13.33931,0.00,0.00
2016.07.14 20:40:11.785,13.335,13.3393,0.00,0.00
2016.07.14 20:40:13.287,13.33499,13.33931,0.00,0.00
2016.07.14 20:40:14.096,13.335,13.3393,0.00,0.00
2016.07.14 20:40:15.392,13.33499,13.33931,0.00,0.00
2016.07.14 20:40:16.192,13.33521,13.33931,0.00,0.00
2016.07.14 20:40:16.243,13.33609,13.34031,0.00,0.00
2016.07.14 20:40:17.900,13.33619,13.34031,0.00,0.00
2016.07.14 20:40:18.717,13.3362,13.3403,0.00,0.00
2016.07.14 20:40:20.507,13.33619,13.34031,0.00,0.00
2016.07.14 20:40:27.625,13.3362,13.3403,0.00,0.00
2016.07.14 20:40:29.531,13.33619,13.34031,0.00,0.00
2016.07.14 20:40:33.364,13.3362,13.3403,0.00,0.00
2016.07.14 20:40:37.147,13.33619,13.34031,0.00,0.00
2016.07.14 20:40:44.769,13.3362,13.3403,0.00,0.00
2016.07.14 20:40:48.571,13.33619,13.34031,0.00,0.00
2016.07.14 20:40:50.375,13.3362,13.3403,0.00,0.00
2016.07.14 20:40:51.376,13.33619,13.34031,0.00,0.00
2016.07.14 20:40:52.378,13.3362,13.3403,0.00,0.00
2016.07.14 20:40:54.282,13.33619,13.34031,0.00,0.00
2016.07.14 20:40:56.084,13.3362,13.3403,0.00,0.00
2016.07.14 20:40:57.988,13.33619,13.34031,0.00,0.00
2016.07.14 20:41:00.091,13.3362,13.3403,0.00,0.00
2016.07.14 20:41:00.592,13.33619,13.34031,0.00,0.00
2016.07.14 20:41:02.996,13.33609,13.34031,0.00,0.00
2016.07.14 20:41:05.602,13.3361,13.3403,0.00,0.00
2016.07.14 20:41:07.536,13.33609,13.34031,0.00,0.00
2016.07.14 20:41:11.211,13.3361,13.3403,0.00,0.00
2016.07.14 20:41:11.777,13.33609,13.34031,0.00,0.00
2016.07.14 20:41:12.715,13.33599,13.34031,0.00,0.00
2016.07.14 20:41:13.318,13.336,13.3403,0.00,0.00
2016.07.14 20:41:20.845,13.33599,13.34031,0.00,0.00
2016.07.14 20:41:24.679,13.3361,13.3403,0.00,0.00
2016.07.14 20:41:25.395,13.33609,13.34031,0.00,0.00
2016.07.14 20:41:26.554,13.3361,13.3403,0.00,0.00
2016.07.14 20:41:27.066,13.33619,13.34031,0.00,0.00
2016.07.14 20:41:27.657,13.3362,13.3403,0.00,0.00
2016.07.14 20:41:29.009,13.33629,13.34031,0.00,0.00
2016.07.14 20:41:29.322,13.3369,13.3403,0.00,0.00
2016.07.14 20:41:31.409,13.33689,13.34031,0.00,0.00
2016.07.14 20:41:32.274,13.3369,13.3403,0.00,0.00
2016.07.14 20:41:33.009,13.337,13.3411,0.00,0.00
2016.07.14 20:41:33.478,13.337,13.3413,0.00,0.00
2016.07.14 20:41:36.803,13.33699,13.34131,0.00,0.00
2016.07.14 20:41:38.707,13.337,13.3413,0.00,0.00
2016.07.14 20:41:40.613,13.33699,13.34131,0.00,0.00
2016.07.14 20:41:41.026,13.33709,13.34131,0.00,0.00
2016.07.14 20:41:42.517,13.3371,13.3413,0.00,0.00
2016.07.14 20:41:44.128,13.33699,13.34131,0.00,0.00
2016.07.14 20:41:46.326,13.337,13.3413,0.00,0.00
2016.07.14 20:41:48.230,13.33699,13.34131,0.00,0.00
2016.07.14 20:41:50.050,13.337,13.3413,0.00,0.00
2016.07.14 20:41:51.936,13.33699,13.34131,0.00,0.00
2016.07.14 20:41:53.890,13.337,13.3413,0.00,0.00
2016.07.14 20:41:55.747,13.33699,13.34131,0.00,0.00
2016.07.14 20:41:57.653,13.337,13.3413,0.00,0.00
2016.07.14 20:41:59.585,13.33699,13.34131,0.00,0.00
2016.07.14 20:42:01.481,13.337,13.3413,0.00,0.00
2016.07.14 20:42:02.294,13.33699,13.34131,0.00,0.00
2016.07.14 20:42:09.084,13.337,13.3413,0.00,0.00
2016.07.14 20:42:11.288,13.33699,13.34131,0.00,0.00
2016.07.14 20:42:13.292,13.337,13.3413,0.00,0.00
2016.07.14 20:42:16.698,13.33699,13.34131,0.00,0.00
2016.07.14 20:42:26.214,13.337,13.3413,0.00,0.00
2016.07.14 20:42:28.118,13.33699,13.34131,0.00,0.00
2016.07.14 20:42:30.021,13.337,13.3413,0.00,0.00
2016.07.14 20:42:31.938,13.33699,13.34131,0.00,0.00
2016.07.14 20:42:33.829,13.337,13.3413,0.00,0.00
2016.07.14 20:42:37.555,13.33699,13.34131,0.00,0.00
2016.07.14 20:42:43.575,13.33749,13.34131,0.00,0.00
2016.07.14 20:42:45.797,13.3375,13.3413,0.00,0.00
2016.07.14 20:42:46.447,13.33749,13.34131,0.00,0.00
2016.07.14 20:42:47.489,13.3375,13.3413,0.00,0.00
2016.07.14 20:42:51.261,13.33749,13.34131,0.00,0.00
2016.07.14 20:42:55.067,13.3375,13.3413,0.00,0.00
2016.07.14 20:42:56.971,13.33749,13.34131,0.00,0.00
2016.07.14 20:43:00.723,13.338,13.3421,0.00,0.00
2016.07.14 20:43:00.880,13.33799,13.34231,0.00,0.00
2016.07.14 20:43:02.583,13.338,13.3423,0.00,0.00
2016.07.14 20:43:04.529,13.33799,13.34201,0.00,0.00
2016.07.14 20:43:04.629,13.33759,13.34181,0.00,0.00
2016.07.14 20:43:04.730,13.3375,13.3418,0.00,0.00
2016.07.14 20:43:06.495,13.33749,13.34181,0.00,0.00
2016.07.14 20:43:10.334,13.3375,13.3418,0.00,0.00
2016.07.14 20:43:11.323,13.33749,13.34181,0.00,0.00
2016.07.14 20:43:14.113,13.3375,13.3418,0.00,0.00
2016.07.14 20:43:15.216,13.33749,13.34181,0.00,0.00
2016.07.14 20:43:17.935,13.3375,13.3418,0.00,0.00
2016.07.14 20:43:18.325,13.338,13.3423,0.00,0.00
2016.07.14 20:43:20.245,13.33799,13.34231,0.00,0.00
2016.07.14 20:43:24.036,13.338,13.3423,0.00,0.00
2016.07.14 20:43:25.939,13.33799,13.34231,0.00,0.00
2016.07.14 20:43:28.043,13.33799,13.34221,0.00,0.00
2016.07.14 20:43:33.554,13.338,13.3422,0.00,0.00
2016.07.14 20:43:37.362,13.33799,13.34221,0.00,0.00
2016.07.14 20:43:43.286,13.338,13.3422,0.00,0.00
2016.07.14 20:43:43.877,13.33799,13.34221,0.00,0.00
2016.07.14 20:43:44.979,13.338,13.3422,0.00,0.00
2016.07.14 20:43:48.787,13.33799,13.34221,0.00,0.00
2016.07.14 20:43:50.591,13.338,13.3422,0.00,0.00
2016.07.14 20:43:51.337,13.33799,13.34221,0.00,0.00
2016.07.14 20:43:54.398,13.338,13.3422,0.00,0.00
2016.07.14 20:43:54.919,13.33799,13.34221,0.00,0.00
2016.07.14 20:44:00.408,13.338,13.3422,0.00,0.00
2016.07.14 20:44:02.314,13.33799,13.34221,0.00,0.00
2016.07.14 20:44:04.220,13.338,13.3422,0.00,0.00
2016.07.14 20:44:05.724,13.33809,13.34231,0.00,0.00
2016.07.14 20:44:13.544,13.3381,13.3423,0.00,0.00
2016.07.14 20:44:15.650,13.33809,13.34231,0.00,0.00
2016.07.14 20:44:17.174,13.3381,13.3423,0.00,0.00
2016.07.14 20:44:20.162,13.33799,13.34221,0.00,0.00
2016.07.14 20:44:20.663,13.338,13.3422,0.00,0.00
2016.07.14 20:44:22.167,13.33799,13.34221,0.00,0.00
2016.07.14 20:44:23.599,13.33899,13.34231,0.00,0.00
2016.07.14 20:44:23.800,13.338,13.3423,0.00,0.00
2016.07.14 20:44:24.385,13.33799,13.34231,0.00,0.00
2016.07.14 20:44:27.480,13.338,13.3423,0.00,0.00
2016.07.14 20:44:30.688,13.33799,13.34231,0.00,0.00
2016.07.14 20:44:31.331,13.338,13.3423,0.00,0.00
2016.07.14 20:44:33.999,13.33799,13.34231,0.00,0.00
2016.07.14 20:44:35.702,13.338,13.3423,0.00,0.00
2016.07.14 20:44:38.744,13.33799,13.34231,0.00,0.00
2016.07.14 20:44:38.917,13.3385,13.3423,0.00,0.00
2016.07.14 20:44:40.722,13.33849,13.34231,0.00,0.00
2016.07.14 20:44:41.292,13.3385,13.3423,0.00,0.00
2016.07.14 20:44:41.764,13.33789,13.34131,0.00,0.00
2016.07.14 20:44:41.821,13.338,13.3422,0.00,0.00
2016.07.14 20:44:42.223,13.33799,13.34231,0.00,0.00
2016.07.14 20:44:50.853,13.338,13.3423,0.00,0.00
2016.07.14 20:44:51.441,13.33799,13.34231,0.00,0.00
2016.07.14 20:44:56.975,13.338,13.3423,0.00,0.00
2016.07.14 20:45:00.730,13.33869,13.34231,0.00,0.00
2016.07.14 20:45:01.089,13.338,13.3422,0.00,0.00
2016.07.14 20:45:01.813,13.3379,13.3422,0.00,0.00
2016.07.14 20:45:03.696,13.33789,13.34221,0.00,0.00
2016.07.14 20:45:04.497,13.3379,13.3422,0.00,0.00
2016.07.14 20:45:05.220,13.33799,13.34221,0.00,0.00
2016.07.14 20:45:06.400,13.338,13.3422,0.00,0.00
2016.07.14 20:45:06.902,13.33799,13.34221,0.00,0.00
2016.07.14 20:45:08.305,13.338,13.3422,0.00,0.00
2016.07.14 20:45:09.127,13.33799,13.34221,0.00,0.00
2016.07.14 20:45:09.508,13.338,13.3421,0.00,0.00
2016.07.14 20:45:11.310,13.33799,13.34211,0.00,0.00
2016.07.14 20:45:12.112,13.338,13.3421,0.00,0.00
2016.07.14 20:45:13.715,13.33799,13.34211,0.00,0.00
2016.07.14 20:45:15.919,13.338,13.3421,0.00,0.00
2016.07.14 20:45:19.774,13.33799,13.34211,0.00,0.00
2016.07.14 20:45:23.437,13.338,13.3421,0.00,0.00
2016.07.14 20:45:25.140,13.33799,13.34211,0.00,0.00
2016.07.14 20:45:28.247,13.33799,13.34221,0.00,0.00
2016.07.14 20:45:29.147,13.338,13.3422,0.00,0.00
2016.07.14 20:45:31.050,13.33799,13.34221,0.00,0.00
2016.07.14 20:45:32.954,13.338,13.3422,0.00,0.00
2016.07.14 20:45:36.761,13.33799,13.34221,0.00,0.00
2016.07.14 20:45:40.175,13.338,13.3422,0.00,0.00
2016.07.14 20:45:40.785,13.33799,13.34221,0.00,0.00
2016.07.14 20:45:51.287,13.338,13.3422,0.00,0.00
2016.07.14 20:45:51.988,13.33799,13.34221,0.00,0.00
2016.07.14 20:45:53.891,13.338,13.3422,0.00,0.00
2016.07.14 20:45:55.794,13.33799,13.34221,0.00,0.00
2016.07.14 20:45:56.295,13.338,13.3422,0.00,0.00
2016.07.14 20:45:57.726,13.33799,13.34221,0.00,0.00
2016.07.14 20:45:59.941,13.33789,13.34211,0.00,0.00
2016.07.14 20:46:00.242,13.3387,13.3423,0.00,0.00
2016.07.14 20:46:01.046,13.33869,13.34231,0.00,0.00
2016.07.14 20:46:04.011,13.3387,13.3423,0.00,0.00
2016.07.14 20:46:04.647,13.33869,13.34231,0.00,0.00
2016.07.14 20:46:04.807,13.33789,13.34231,0.00,0.00
2016.07.14 20:46:07.216,13.3379,13.3423,0.00,0.00
2016.07.14 20:46:09.119,13.33789,13.34231,0.00,0.00
2016.07.14 20:46:09.549,13.3387,13.3423,0.00,0.00
2016.07.14 20:46:10.021,13.33799,13.34231,0.00,0.00
2016.07.14 20:46:11.023,13.338,13.3423,0.00,0.00
2016.07.14 20:46:12.926,13.33799,13.34231,0.00,0.00
2016.07.14 20:46:14.629,13.338,13.3423,0.00,0.00
2016.07.14 20:46:16.633,13.33799,13.34231,0.00,0.00
2016.07.14 20:46:19.343,13.3381,13.3423,0.00,0.00
2016.07.14 20:46:19.951,13.33809,13.34231,0.00,0.00
2016.07.14 20:46:20.611,13.3381,13.3423,0.00,0.00
2016.07.14 20:46:21.342,13.33809,13.34231,0.00,0.00
2016.07.14 20:46:22.368,13.33799,13.34231,0.00,0.00
2016.07.14 20:46:29.658,13.338,13.3423,0.00,0.00
2016.07.14 20:46:31.363,13.33799,13.34231,0.00,0.00
2016.07.14 20:46:31.864,13.338,13.3423,0.00,0.00
2016.07.14 20:46:34.671,13.33799,13.34231,0.00,0.00
2016.07.14 20:46:41.388,13.338,13.3423,0.00,0.00
2016.07.14 20:46:43.291,13.33799,13.34231,0.00,0.00
2016.07.14 20:46:45.225,13.338,13.3423,0.00,0.00
2016.07.14 20:46:49.002,13.33799,13.34231,0.00,0.00
2016.07.14 20:46:49.603,13.338,13.3423,0.00,0.00
2016.07.14 20:46:50.905,13.33799,13.34231,0.00,0.00
2016.07.14 20:46:51.447,13.338,13.3423,0.00,0.00
2016.07.14 20:46:52.817,13.33799,13.34231,0.00,0.00
2016.07.14 20:46:54.616,13.338,13.3423,0.00,0.00
2016.07.14 20:46:55.429,13.33799,13.34231,0.00,0.00
2016.07.14 20:46:56.621,13.338,13.3423,0.00,0.00
2016.07.14 20:46:58.527,13.33799,13.34231,0.00,0.00
2016.07.14 20:47:02.236,13.338,13.3423,0.00,0.00
2016.07.14 20:47:02.542,13.3379,13.3423,0.00,0.00
2016.07.14 20:47:03.038,13.33799,13.34231,0.00,0.00
2016.07.14 20:47:03.940,13.338,13.3423,0.00,0.00
2016.07.14 20:47:04.683,13.3379,13.3423,0.00,0.00
2016.07.14 20:47:05.946,13.33789,13.34231,0.00,0.00
2016.07.14 20:47:07.672,13.33789,13.34151,0.00,0.00
2016.07.14 20:47:07.773,13.3379,13.3423,0.00,0.00
2016.07.14 20:47:08.382,13.33789,13.34231,0.00,0.00
2016.07.14 20:47:13.383,13.3379,13.3423,0.00,0.00
2016.07.14 20:47:15.364,13.33789,13.34191,0.00,0.00
2016.07.14 20:47:17.266,13.3379,13.3419,0.00,0.00
2016.07.14 20:47:19.170,13.33789,13.34191,0.00,0.00
2016.07.14 20:47:21.083,13.33869,13.34231,0.00,0.00
2016.07.14 20:47:21.173,13.3379,13.3423,0.00,0.00
2016.07.14 20:47:21.774,13.33789,13.34231,0.00,0.00
2016.07.14 20:47:22.977,13.3379,13.3423,0.00,0.00
2016.07.14 20:47:24.880,13.33789,13.34231,0.00,0.00
2016.07.14 20:47:28.729,13.3379,13.3423,0.00,0.00
2016.07.14 20:47:30.628,13.33789,13.34231,0.00,0.00
2016.07.14 20:47:34.396,13.3379,13.3423,0.00,0.00
2016.07.14 20:47:35.198,13.33789,13.34231,0.00,0.00
2016.07.14 20:47:38.205,13.3379,13.3423,0.00,0.00
2016.07.14 20:47:42.009,13.33789,13.34231,0.00,0.00
2016.07.14 20:47:43.713,13.3379,13.3422,0.00,0.00
2016.07.14 20:47:45.821,13.33789,13.34221,0.00,0.00
2016.07.14 20:47:51.437,13.3379,13.3422,0.00,0.00
2016.07.14 20:47:52.582,13.33799,13.34231,0.00,0.00
2016.07.14 20:47:53.280,13.3379,13.3423,0.00,0.00
2016.07.14 20:47:57.149,13.33789,13.34231,0.00,0.00
2016.07.14 20:47:59.098,13.3379,13.3423,0.00,0.00
2016.07.14 20:48:02.931,13.33789,13.34231,0.00,0.00
2016.07.14 20:48:04.996,13.33809,13.34231,0.00,0.00
2016.07.14 20:48:05.320,13.33889,13.34231,0.00,0.00
2016.07.14 20:48:07.172,13.3389,13.3423,0.00,0.00
2016.07.14 20:48:08.204,13.3382,13.3423,0.00,0.00
2016.07.14 20:48:08.951,13.33819,13.34231,0.00,0.00
2016.07.14 20:48:10.036,13.3382,13.3423,0.00,0.00
2016.07.14 20:48:11.380,13.33819,13.34231,0.00,0.00
2016.07.14 20:48:13.884,13.3382,13.3423,0.00,0.00
2016.07.14 20:48:15.788,13.33819,13.34231,0.00,0.00
2016.07.14 20:48:17.691,13.3382,13.3423,0.00,0.00
2016.07.14 20:48:19.594,13.33819,13.34231,0.00,0.00
2016.07.14 20:48:21.498,13.3382,13.3423,0.00,0.00
2016.07.14 20:48:23.401,13.33819,13.34231,0.00,0.00
2016.07.14 20:48:25.104,13.3382,13.3423,0.00,0.00
2016.07.14 20:48:25.904,13.33819,13.34231,0.00,0.00
2016.07.14 20:48:27.207,13.3382,13.3423,0.00,0.00
2016.07.14 20:48:29.317,13.336,13.3402,0.00,0.00
2016.07.14 20:48:29.837,13.33599,13.34021,0.00,0.00
2016.07.14 20:48:31.315,13.336,13.3402,0.00,0.00
2016.07.14 20:48:32.620,13.33599,13.34021,0.00,0.00
2016.07.14 20:48:33.123,13.336,13.3402,0.00,0.00
2016.07.14 20:48:34.372,13.33689,13.34111,0.00,0.00
2016.07.14 20:48:34.427,13.33699,13.34111,0.00,0.00
2016.07.14 20:48:34.835,13.337,13.3413,0.00,0.00
2016.07.14 20:48:36.334,13.33699,13.34131,0.00,0.00
2016.07.14 20:48:38.137,13.337,13.3413,0.00,0.00
2016.07.14 20:48:39.941,13.33699,13.34131,0.00,0.00
2016.07.14 20:48:40.488,13.337,13.3413,0.00,0.00
2016.07.14 20:48:41.944,13.33699,13.34131,0.00,0.00
2016.07.14 20:48:43.147,13.33689,13.34141,0.00,0.00
2016.07.14 20:48:44.048,13.33689,13.34131,0.00,0.00
2016.07.14 20:48:44.949,13.3369,13.3413,0.00,0.00
2016.07.14 20:48:45.563,13.33689,13.34131,0.00,0.00
2016.07.14 20:48:47.685,13.3369,13.3413,0.00,0.00
2016.07.14 20:48:49.569,13.33689,13.34131,0.00,0.00
2016.07.14 20:48:51.562,13.33699,13.34141,0.00,0.00
2016.07.14 20:48:52.869,13.337,13.3414,0.00,0.00
2016.07.14 20:48:53.479,13.33699,13.34141,0.00,0.00
2016.07.14 20:48:53.966,13.3376,13.3418,0.00,0.00
2016.07.14 20:48:54.467,13.33759,13.34201,0.00,0.00
2016.07.14 20:48:54.713,13.33789,13.34231,0.00,0.00
2016.07.14 20:48:55.129,13.3379,13.3419,0.00,0.00
2016.07.14 20:48:56.583,13.33789,13.34191,0.00,0.00
2016.07.14 20:48:58.486,13.3379,13.3419,0.00,0.00
2016.07.14 20:49:00.129,13.33789,13.34201,0.00,0.00
2016.07.14 20:49:00.189,13.3376,13.342,0.00,0.00
2016.07.14 20:49:02.294,13.3379,13.342,0.00,0.00
2016.07.14 20:49:05.198,13.3376,13.342,0.00,0.00
2016.07.14 20:49:08.003,13.33759,13.34201,0.00,0.00
2016.07.14 20:49:08.204,13.3376,13.3419,0.00,0.00
2016.07.14 20:49:10.635,13.3389,13.3423,0.00,0.00
2016.07.14 20:49:10.994,13.33899,13.34231,0.00,0.00
2016.07.14 20:49:12.324,13.33889,13.34231,0.00,0.00
2016.07.14 20:49:12.425,13.33822,13.34231,0.00,0.00
2016.07.14 20:49:12.643,13.33789,13.34231,0.00,0.00
2016.07.14 20:49:14.345,13.3379,13.3423,0.00,0.00
2016.07.14 20:49:15.517,13.33739,13.34181,0.00,0.00
2016.07.14 20:49:16.920,13.33739,13.34191,0.00,0.00
2016.07.14 20:49:17.596,13.3374,13.3419,0.00,0.00
2016.07.14 20:49:19.324,13.33739,13.34191,0.00,0.00
2016.07.14 20:49:20.427,13.3374,13.3419,0.00,0.00
2016.07.14 20:49:21.225,13.33739,13.34191,0.00,0.00
2016.07.14 20:49:21.867,13.3374,13.3419,0.00,0.00
2016.07.14 20:49:23.032,13.33739,13.34191,0.00,0.00
2016.07.14 20:49:28.746,13.3374,13.3419,0.00,0.00
2016.07.14 20:49:30.650,13.33739,13.34191,0.00,0.00
2016.07.14 20:49:32.555,13.3374,13.3419,0.00,0.00
2016.07.14 20:49:34.461,13.33739,13.34191,0.00,0.00
2016.07.14 20:49:35.642,13.3374,13.3419,0.00,0.00
2016.07.14 20:49:36.368,13.33739,13.34191,0.00,0.00
2016.07.14 20:49:40.574,13.3374,13.3419,0.00,0.00
2016.07.14 20:49:43.985,13.33739,13.34191,0.00,0.00
2016.07.14 20:49:47.797,13.3374,13.3419,0.00,0.00
2016.07.14 20:49:49.702,13.33739,13.34191,0.00,0.00
2016.07.14 20:49:50.101,13.33789,13.34231,0.00,0.00
2016.07.14 20:49:51.522,13.3376,13.3419,0.00,0.00
2016.07.14 20:49:51.811,13.3379,13.3423,0.00,0.00
2016.07.14 20:49:52.940,13.33789,13.34231,0.00,0.00
2016.07.14 20:49:53.043,13.3382,13.3423,0.00,0.00
2016.07.14 20:49:53.144,13.338,13.3423,0.00,0.00
2016.07.14 20:49:55.020,13.33799,13.34231,0.00,0.00
2016.07.14 20:49:56.548,13.3381,13.3423,0.00,0.00
2016.07.14 20:49:57.091,13.33809,13.34231,0.00,0.00
2016.07.14 20:49:58.461,13.3381,13.3423,0.00,0.00
2016.07.14 20:49:59.073,13.33809,13.34231,0.00,0.00
2016.07.14 20:49:59.786,13.3381,13.3423,0.00,0.00
2016.07.14 20:49:59.947,13.338,13.3423,0.00,0.00
2016.07.14 20:50:00.581,13.33889,13.34231,0.00,0.00
2016.07.14 20:50:00.640,13.3381,13.3423,0.00,0.00
2016.07.14 20:50:01.166,13.3389,13.3423,0.00,0.00
2016.07.14 20:50:01.715,13.33889,13.34231,0.00,0.00
2016.07.14 20:50:04.458,13.3389,13.3423,0.00,0.00
2016.07.14 20:50:05.005,13.33899,13.34301,0.00,0.00
2016.07.14 20:50:05.395,13.339,13.3431,0.00,0.00
2016.07.14 20:50:06.040,13.33899,13.34311,0.00,0.00
2016.07.14 20:50:08.567,13.33899,13.34321,0.00,0.00
2016.07.14 20:50:10.071,13.33899,13.34301,0.00,0.00
2016.07.14 20:50:12.077,13.339,13.343,0.00,0.00
2016.07.14 20:50:12.378,13.33899,13.34311,0.00,0.00
2016.07.14 20:50:15.815,13.339,13.3431,0.00,0.00
2016.07.14 20:50:19.602,13.33899,13.34311,0.00,0.00
2016.07.14 20:50:20.604,13.339,13.3431,0.00,0.00
2016.07.14 20:50:21.806,13.33899,13.34321,0.00,0.00
2016.07.14 20:50:25.618,13.339,13.3432,0.00,0.00
2016.07.14 20:50:26.447,13.33899,13.34321,0.00,0.00
2016.07.14 20:50:26.994,13.339,13.3432,0.00,0.00
2016.07.14 20:50:27.537,13.3419,13.3461,0.00,0.00
2016.07.14 20:50:27.638,13.34199,13.34629,0.00,0.00
2016.07.14 20:50:27.739,13.34279,13.34641,0.00,0.00
2016.07.14 20:50:27.840,13.342,13.3463,0.00,0.00
2016.07.14 20:50:28.553,13.34199,13.34631,0.00,0.00
2016.07.14 20:50:30.943,13.342,13.3463,0.00,0.00
2016.07.14 20:50:31.728,13.34199,13.34631,0.00,0.00
2016.07.14 20:50:32.346,13.342,13.3463,0.00,0.00
2016.07.14 20:50:33.649,13.34199,13.34631,0.00,0.00
2016.07.14 20:50:34.424,13.342,13.3463,0.00,0.00
2016.07.14 20:50:35.553,13.34199,13.34631,0.00,0.00
2016.07.14 20:50:36.556,13.34199,13.34641,0.00,0.00
2016.07.14 20:50:38.961,13.342,13.3464,0.00,0.00
2016.07.14 20:50:40.565,13.34199,13.34641,0.00,0.00
2016.07.14 20:50:43.474,13.342,13.3464,0.00,0.00
2016.07.14 20:50:43.782,13.34199,13.34631,0.00,0.00
2016.07.14 20:50:47.280,13.342,13.3463,0.00,0.00
2016.07.14 20:50:48.683,13.34199,13.34631,0.00,0.00
2016.07.14 20:50:48.785,13.34199,13.34641,0.00,0.00
2016.07.14 20:50:49.686,13.342,13.3464,0.00,0.00
2016.07.14 20:50:50.335,13.34199,13.34641,0.00,0.00
2016.07.14 20:50:51.588,13.342,13.3464,0.00,0.00
2016.07.14 20:50:53.695,13.34199,13.34641,0.00,0.00
2016.07.14 20:50:56.546,13.342,13.3463,0.00,0.00
2016.07.14 20:50:59.257,13.3419,13.3454,0.00,0.00
2016.07.14 20:50:59.358,13.34072,13.34491,0.00,0.00
2016.07.14 20:50:59.867,13.33999,13.34491,0.00,0.00
2016.07.14 20:51:01.220,13.34,13.3449,0.00,0.00
2016.07.14 20:51:02.762,13.34009,13.34491,0.00,0.00
2016.07.14 20:51:04.131,13.3401,13.3449,0.00,0.00
2016.07.14 20:51:04.654,13.34009,13.34491,0.00,0.00
2016.07.14 20:51:05.937,13.3401,13.3449,0.00,0.00
2016.07.14 20:51:06.438,13.33999,13.34491,0.00,0.00
2016.07.14 20:51:06.868,13.3434,13.34639,0.00,0.00
2016.07.14 20:51:06.919,13.3434,13.3482,0.00,0.00
2016.07.14 20:51:06.969,13.34389,13.34831,0.00,0.00
2016.07.14 20:51:07.325,13.34419,13.34841,0.00,0.00
2016.07.14 20:51:07.376,13.34399,13.34831,0.00,0.00
2016.07.14 20:51:08.069,13.34389,13.34831,0.00,0.00
2016.07.14 20:51:08.642,13.3439,13.3483,0.00,0.00
2016.07.14 20:51:09.302,13.34389,13.34831,0.00,0.00
2016.07.14 20:51:09.547,13.34389,13.34821,0.00,0.00
2016.07.14 20:51:10.249,13.3434,13.3479,0.00,0.00
2016.07.14 20:51:10.772,13.3441,13.3484,0.00,0.00
2016.07.14 20:51:10.873,13.34329,13.34791,0.00,0.00
2016.07.14 20:51:11.075,13.34321,13.3484,0.00,0.00
2016.07.14 20:51:11.150,13.3433,13.348,0.00,0.00
2016.07.14 20:51:11.612,13.34389,13.34831,0.00,0.00
2016.07.14 20:51:12.272,13.3439,13.3483,0.00,0.00
2016.07.14 20:51:13.256,13.34389,13.34831,0.00,0.00
2016.07.14 20:51:13.924,13.3439,13.3483,0.00,0.00
2016.07.14 20:51:14.278,13.34321,13.3479,0.00,0.00
2016.07.14 20:51:14.787,13.3432,13.3479,0.00,0.00
2016.07.14 20:51:14.860,13.34289,13.34731,0.00,0.00
2016.07.14 20:51:15.161,13.3429,13.3472,0.00,0.00
2016.07.14 20:51:15.562,13.3429,13.3471,0.00,0.00
2016.07.14 20:51:16.766,13.34289,13.34711,0.00,0.00
2016.07.14 20:51:18.069,13.3429,13.3471,0.00,0.00
2016.07.14 20:51:18.671,13.34289,13.34711,0.00,0.00
2016.07.14 20:51:20.277,13.34289,13.34721,0.00,0.00
2016.07.14 20:51:22.481,13.3429,13.3472,0.00,0.00
2016.07.14 20:51:24.385,13.34289,13.34721,0.00,0.00
2016.07.14 20:51:25.622,13.34289,13.34711,0.00,0.00
2016.07.14 20:51:25.927,13.34209,13.34691,0.00,0.00
2016.07.14 20:51:26.392,13.3422,13.3469,0.00,0.00
2016.07.14 20:51:26.999,13.34219,13.34691,0.00,0.00
2016.07.14 20:51:27.457,13.3419,13.3463,0.00,0.00
2016.07.14 20:51:28.398,13.34189,13.34631,0.00,0.00
2016.07.14 20:51:29.944,13.34219,13.34671,0.00,0.00
2016.07.14 20:51:30.404,13.3421,13.3469,0.00,0.00
2016.07.14 20:51:30.523,13.34362,13.3469,0.00,0.00
2016.07.14 20:51:30.653,13.34821,13.35222,0.00,0.00
2016.07.14 20:51:30.704,13.34821,13.35241,0.00,0.00
2016.07.14 20:51:30.855,13.34821,13.35201,0.00,0.00
2016.07.14 20:51:30.906,13.34821,13.35211,0.00,0.00
2016.07.14 20:51:31.300,13.34789,13.35211,0.00,0.00
2016.07.14 20:51:31.451,13.3479,13.352,0.00,0.00
2016.07.14 20:51:31.552,13.3479,13.3521,0.00,0.00
2016.07.14 20:51:31.933,13.3476,13.352,0.00,0.00
2016.07.14 20:51:33.542,13.34689,13.35091,0.00,0.00
2016.07.14 20:51:34.011,13.34689,13.35111,0.00,0.00
2016.07.14 20:51:34.260,13.3469,13.3503,0.00,0.00
2016.07.14 20:51:34.361,13.34529,13.35101,0.00,0.00
2016.07.14 20:51:34.876,13.3457,13.3511,0.00,0.00
2016.07.14 20:51:35.013,13.3453,13.351,0.00,0.00
2016.07.14 20:51:35.529,13.34529,13.35111,0.00,0.00
2016.07.14 20:51:36.415,13.34569,13.35091,0.00,0.00
2016.07.14 20:51:36.798,13.34619,13.35091,0.00,0.00
2016.07.14 20:51:38.319,13.3462,13.3509,0.00,0.00
2016.07.14 20:51:39.468,13.34589,13.35021,0.00,0.00
2016.07.14 20:51:41.324,13.3459,13.3502,0.00,0.00
2016.07.14 20:51:41.771,13.34589,13.35011,0.00,0.00
2016.07.14 20:51:45.131,13.3459,13.3501,0.00,0.00
2016.07.14 20:51:45.780,13.34589,13.35011,0.00,0.00
2016.07.14 20:51:47.039,13.3459,13.3501,0.00,0.00
2016.07.14 20:51:48.967,13.3449,13.3491,0.00,0.00
2016.07.14 20:51:49.543,13.34489,13.34911,0.00,0.00
2016.07.14 20:51:50.576,13.3449,13.3491,0.00,0.00
2016.07.14 20:51:51.948,13.34489,13.34911,0.00,0.00
2016.07.14 20:51:54.884,13.3439,13.3481,0.00,0.00
2016.07.14 20:51:55.407,13.34389,13.34811,0.00,0.00
2016.07.14 20:51:55.872,13.34289,13.34611,0.00,0.00
2016.07.14 20:51:55.972,13.3429,13.3471,0.00,0.00
2016.07.14 20:51:56.677,13.34289,13.34711,0.00,0.00
2016.07.14 20:51:58.708,13.3429,13.3471,0.00,0.00
2016.07.14 20:51:58.895,13.34289,13.34601,0.00,0.00
2016.07.14 20:51:59.203,13.34289,13.34711,0.00,0.00
2016.07.14 20:51:59.793,13.3429,13.3471,0.00,0.00
2016.07.14 20:52:00.073,13.34289,13.34721,0.00,0.00
2016.07.14 20:52:00.178,13.34259,13.34631,0.00,0.00
2016.07.14 20:52:00.289,13.342,13.3464,0.00,0.00
2016.07.14 20:52:00.382,13.34189,13.34641,0.00,0.00
2016.07.14 20:52:00.674,13.34189,13.34611,0.00,0.00
2016.07.14 20:52:01.980,13.3419,13.3461,0.00,0.00
2016.07.14 20:52:02.551,13.34189,13.34611,0.00,0.00
2016.07.14 20:52:03.082,13.3419,13.3461,0.00,0.00
2016.07.14 20:52:03.742,13.34189,13.34611,0.00,0.00
2016.07.14 20:52:07.714,13.34289,13.34711,0.00,0.00
2016.07.14 20:52:08.372,13.3429,13.3471,0.00,0.00
2016.07.14 20:52:09.230,13.3419,13.3461,0.00,0.00
2016.07.14 20:52:10.212,13.34189,13.34611,0.00,0.00
2016.07.14 20:52:14.926,13.3419,13.3461,0.00,0.00
2016.07.14 20:52:16.772,13.34189,13.34611,0.00,0.00
2016.07.14 20:52:17.383,13.3419,13.3461,0.00,0.00
2016.07.14 20:52:18.742,13.34189,13.34611,0.00,0.00
2016.07.14 20:52:19.237,13.3427,13.3462,0.00,0.00
2016.07.14 20:52:19.337,13.3419,13.3462,0.00,0.00
2016.07.14 20:52:20.069,13.34189,13.34621,0.00,0.00
2016.07.14 20:52:20.983,13.34289,13.34711,0.00,0.00
2016.07.14 20:52:21.383,13.34259,13.34681,0.00,0.00
2016.07.14 20:52:21.484,13.34189,13.34621,0.00,0.00
2016.07.14 20:52:22.647,13.3419,13.3462,0.00,0.00
2016.07.14 20:52:23.350,13.34189,13.34621,0.00,0.00
2016.07.14 20:52:23.551,13.3429,13.3473,0.00,0.00
2016.07.14 20:52:23.652,13.3429,13.3469,0.00,0.00
2016.07.14 20:52:24.058,13.34289,13.34721,0.00,0.00
2016.07.14 20:52:24.739,13.3429,13.3472,0.00,0.00
2016.07.14 20:52:25.055,13.3439,13.3484,0.00,0.00
2016.07.14 20:52:25.255,13.34329,13.34841,0.00,0.00
2016.07.14 20:52:25.763,13.3433,13.3484,0.00,0.00
2016.07.14 20:52:26.423,13.34329,13.34841,0.00,0.00
2016.07.14 20:52:26.961,13.3433,13.3484,0.00,0.00
2016.07.14 20:52:27.410,13.3429,13.3471,0.00,0.00
2016.07.14 20:52:27.663,13.3429,13.3472,0.00,0.00
2016.07.14 20:52:27.965,13.34389,13.34831,0.00,0.00
2016.07.14 20:52:28.492,13.3439,13.3483,0.00,0.00
2016.07.14 20:52:28.646,13.3439,13.3481,0.00,0.00
2016.07.14 20:52:29.395,13.34389,13.34811,0.00,0.00
2016.07.14 20:52:30.613,13.34469,13.34891,0.00,0.00
2016.07.14 20:52:30.673,13.34459,13.34891,0.00,0.00
2016.07.14 20:52:30.873,13.3446,13.349,0.00,0.00
2016.07.14 20:52:31.094,13.3449,13.3494,0.00,0.00
2016.07.14 20:52:32.578,13.34489,13.34901,0.00,0.00
