2012.04.10 06:00:00.439,16.53093,16.53457,0.00,0.00
2012.04.10 06:00:00.923,16.53093,16.53438,0.00,0.00
2012.04.10 06:00:01.127,16.53087,16.53388,0.00,0.00
2012.04.10 06:00:01.490,16.53067,16.5343,0.00,0.00
2012.04.10 06:00:01.965,16.53088,16.53451,0.00,0.00
2012.04.10 06:00:03.103,16.53127,16.5349,0.00,0.00
2012.04.10 06:00:03.424,16.5308,16.53418,0.00,0.00
2012.04.10 06:00:03.822,16.53068,16.53368,0.00,0.00
2012.04.10 06:00:04.567,16.5306,16.53423,0.00,0.00
2012.04.10 06:00:04.695,16.53048,16.53348,0.00,0.00
2012.04.10 06:00:04.996,16.53068,16.53368,0.00,0.00
2012.04.10 06:00:05.659,16.53048,16.53348,0.00,0.00
2012.04.10 06:00:05.994,16.53038,16.53338,0.00,0.00
2012.04.10 06:00:06.911,16.53042,16.53406,0.00,0.00
2012.04.10 06:00:07.058,16.53063,16.53427,0.00,0.00
2012.04.10 06:00:08.364,16.5308,16.53443,0.00,0.00
2012.04.10 06:00:08.441,16.53048,16.53348,0.00,0.00
2012.04.10 06:00:11.548,16.53064,16.53427,0.00,0.00
2012.04.10 06:00:13.112,16.53086,16.53449,0.00,0.00
2012.04.10 06:00:15.104,16.53106,16.53469,0.00,0.00
2012.04.10 06:00:16.258,16.53106,16.53448,0.00,0.00
2012.04.10 06:00:17.368,16.53126,16.5349,0.00,0.00
2012.04.10 06:00:21.085,16.53087,16.53451,0.00,0.00
2012.04.10 06:00:21.728,16.53146,16.53509,0.00,0.00
2012.04.10 06:00:22.366,16.53048,16.53348,0.00,0.00
2012.04.10 06:00:22.539,16.53119,16.53483,0.00,0.00
2012.04.10 06:00:23.986,16.53047,16.53348,0.00,0.00
2012.04.10 06:00:24.560,16.53123,16.53486,0.00,0.00
2012.04.10 06:00:24.758,16.53123,16.53448,0.00,0.00
2012.04.10 06:00:24.825,16.53147,16.5351,0.00,0.00
2012.04.10 06:00:26.136,16.53148,16.53448,0.00,0.00
2012.04.10 06:00:27.291,16.53189,16.53552,0.00,0.00
2012.04.10 06:00:27.885,16.53189,16.53548,0.00,0.00
2012.04.10 06:00:27.948,16.53209,16.53572,0.00,0.00
2012.04.10 06:00:28.357,16.53229,16.53548,0.00,0.00
2012.04.10 06:00:31.095,16.53193,16.53556,0.00,0.00
2012.04.10 06:00:31.439,16.53217,16.53581,0.00,0.00
2012.04.10 06:00:31.936,16.5316,16.53524,0.00,0.00
2012.04.10 06:00:36.915,16.53124,16.53488,0.00,0.00
2012.04.10 06:00:41.468,16.53108,16.53472,0.00,0.00
2012.04.10 06:00:43.721,16.53126,16.53489,0.00,0.00
2012.04.10 06:00:46.469,16.53048,16.53348,0.00,0.00
2012.04.10 06:00:46.950,16.53108,16.53408,0.00,0.00
2012.04.10 06:00:47.861,16.53066,16.5343,0.00,0.00
2012.04.10 06:00:52.084,16.53048,16.53348,0.00,0.00
2012.04.10 06:00:52.165,16.5304,16.53404,0.00,0.00
2012.04.10 06:00:52.310,16.53067,16.5343,0.00,0.00
2012.04.10 06:00:53.830,16.53051,16.53415,0.00,0.00
2012.04.10 06:00:58.810,16.53027,16.53328,0.00,0.00
2012.04.10 06:00:59.077,16.53036,16.53399,0.00,0.00
2012.04.10 06:00:59.317,16.53036,16.53348,0.00,0.00
2012.04.10 06:01:02.856,16.53054,16.53417,0.00,0.00
2012.04.10 06:01:03.037,16.53025,16.53388,0.00,0.00
2012.04.10 06:01:03.460,16.53001,16.53364,0.00,0.00
2012.04.10 06:01:04.092,16.52984,16.53348,0.00,0.00
2012.04.10 06:01:04.454,16.52967,16.53331,0.00,0.00
2012.04.10 06:01:04.513,16.52946,16.53248,0.00,0.00
2012.04.10 06:01:04.718,16.52975,16.53338,0.00,0.00
2012.04.10 06:01:04.936,16.52952,16.53316,0.00,0.00
2012.04.10 06:01:06.468,16.52936,16.53299,0.00,0.00
2012.04.10 06:01:07.610,16.52955,16.53319,0.00,0.00
2012.04.10 06:01:08.975,16.52927,16.5329,0.00,0.00
2012.04.10 06:01:09.132,16.52955,16.53318,0.00,0.00
2012.04.10 06:01:11.914,16.52974,16.53338,0.00,0.00
2012.04.10 06:01:12.534,16.52957,16.5332,0.00,0.00
2012.04.10 06:01:13.107,16.52989,16.53353,0.00,0.00
2012.04.10 06:01:14.705,16.52969,16.53332,0.00,0.00
2012.04.10 06:01:15.184,16.52995,16.53358,0.00,0.00
2012.04.10 06:01:15.247,16.52971,16.53335,0.00,0.00
2012.04.10 06:01:16.040,16.53005,16.53368,0.00,0.00
2012.04.10 06:01:17.405,16.53036,16.53399,0.00,0.00
2012.04.10 06:01:17.558,16.53012,16.53375,0.00,0.00
2012.04.10 06:01:17.904,16.53036,16.53399,0.00,0.00
2012.04.10 06:01:18.447,16.53036,16.53348,0.00,0.00
2012.04.10 06:01:18.514,16.53061,16.53424,0.00,0.00
2012.04.10 06:01:18.750,16.53023,16.53386,0.00,0.00
2012.04.10 06:01:19.043,16.52947,16.53248,0.00,0.00
2012.04.10 06:01:19.576,16.52966,16.5333,0.00,0.00
2012.04.10 06:01:19.990,16.52996,16.5336,0.00,0.00
2012.04.10 06:01:22.716,16.52996,16.53348,0.00,0.00
2012.04.10 06:01:22.816,16.53037,16.534,0.00,0.00
2012.04.10 06:01:23.218,16.53047,16.53348,0.00,0.00
2012.04.10 06:01:26.586,16.53046,16.5341,0.00,0.00
2012.04.10 06:01:30.094,16.53062,16.53426,0.00,0.00
2012.04.10 06:01:31.653,16.53038,16.53338,0.00,0.00
2012.04.10 06:01:32.037,16.53046,16.53409,0.00,0.00
2012.04.10 06:01:32.206,16.53027,16.5339,0.00,0.00
2012.04.10 06:01:32.733,16.53006,16.5337,0.00,0.00
2012.04.10 06:01:39.984,16.53024,16.53387,0.00,0.00
2012.04.10 06:01:40.436,16.53094,16.53458,0.00,0.00
2012.04.10 06:01:42.487,16.53118,16.53481,0.00,0.00
2012.04.10 06:01:42.985,16.5313,16.53493,0.00,0.00
2012.04.10 06:01:43.371,16.5311,16.53473,0.00,0.00
2012.04.10 06:01:44.588,16.53128,16.53491,0.00,0.00
2012.04.10 06:01:44.653,16.53128,16.53448,0.00,0.00
2012.04.10 06:01:44.800,16.53168,16.53532,0.00,0.00
2012.04.10 06:01:47.088,16.53048,16.53348,0.00,0.00
2012.04.10 06:01:47.594,16.53124,16.53488,0.00,0.00
2012.04.10 06:01:47.763,16.53101,16.53465,0.00,0.00
2012.04.10 06:01:49.122,16.53077,16.5344,0.00,0.00
2012.04.10 06:01:49.936,16.53104,16.53468,0.00,0.00
2012.04.10 06:01:50.157,16.53087,16.5345,0.00,0.00
2012.04.10 06:01:50.274,16.53049,16.53412,0.00,0.00
2012.04.10 06:01:50.529,16.5309,16.53454,0.00,0.00
2012.04.10 06:01:50.859,16.53058,16.53421,0.00,0.00
2012.04.10 06:01:53.120,16.53074,16.53437,0.00,0.00
2012.04.10 06:01:53.485,16.53127,16.5349,0.00,0.00
2012.04.10 06:01:53.665,16.53099,16.53462,0.00,0.00
2012.04.10 06:01:54.509,16.53116,16.53479,0.00,0.00
2012.04.10 06:01:56.328,16.531,16.53464,0.00,0.00
2012.04.10 06:02:02.009,16.53086,16.53449,0.00,0.00
2012.04.10 06:02:05.536,16.5307,16.53433,0.00,0.00
2012.04.10 06:02:08.354,16.53094,16.53457,0.00,0.00
2012.04.10 06:02:09.024,16.53077,16.5344,0.00,0.00
2012.04.10 06:02:11.695,16.53053,16.53416,0.00,0.00
2012.04.10 06:02:12.728,16.5308,16.53444,0.00,0.00
2012.04.10 06:02:13.032,16.53047,16.53348,0.00,0.00
2012.04.10 06:02:13.113,16.53084,16.53448,0.00,0.00
2012.04.10 06:02:15.574,16.53116,16.53479,0.00,0.00
2012.04.10 06:02:19.334,16.53138,16.53501,0.00,0.00
2012.04.10 06:02:19.602,16.53117,16.5348,0.00,0.00
2012.04.10 06:02:19.828,16.53096,16.5346,0.00,0.00
2012.04.10 06:02:24.487,16.53128,16.53491,0.00,0.00
2012.04.10 06:02:25.699,16.53101,16.53464,0.00,0.00
2012.04.10 06:02:27.195,16.53076,16.53439,0.00,0.00
2012.04.10 06:02:27.340,16.53058,16.53422,0.00,0.00
2012.04.10 06:02:28.640,16.53094,16.53457,0.00,0.00
2012.04.10 06:02:28.983,16.53112,16.53476,0.00,0.00
2012.04.10 06:02:32.344,16.53132,16.53496,0.00,0.00
2012.04.10 06:02:35.096,16.53132,16.53438,0.00,0.00
2012.04.10 06:02:35.244,16.53149,16.53512,0.00,0.00
2012.04.10 06:02:35.559,16.53125,16.53488,0.00,0.00
2012.04.10 06:02:35.859,16.52948,16.53248,0.00,0.00
2012.04.10 06:02:35.924,16.53021,16.53385,0.00,0.00
2012.04.10 06:02:36.295,16.53021,16.53348,0.00,0.00
2012.04.10 06:02:36.877,16.53112,16.53475,0.00,0.00
2012.04.10 06:02:37.272,16.53136,16.53499,0.00,0.00
2012.04.10 06:02:37.539,16.53136,16.53438,0.00,0.00
2012.04.10 06:02:38.057,16.53047,16.53348,0.00,0.00
2012.04.10 06:02:38.238,16.53109,16.53472,0.00,0.00
2012.04.10 06:02:38.459,16.53082,16.53445,0.00,0.00
2012.04.10 06:02:40.368,16.53059,16.53423,0.00,0.00
2012.04.10 06:02:40.706,16.53076,16.53439,0.00,0.00
2012.04.10 06:02:45.813,16.53052,16.53416,0.00,0.00
2012.04.10 06:02:46.315,16.53073,16.53436,0.00,0.00
2012.04.10 06:02:46.876,16.53051,16.53415,0.00,0.00
2012.04.10 06:02:47.097,16.53067,16.53431,0.00,0.00
2012.04.10 06:02:55.195,16.53088,16.53452,0.00,0.00
2012.04.10 06:02:55.806,16.53069,16.53432,0.00,0.00
2012.04.10 06:02:57.200,16.53085,16.53448,0.00,0.00
2012.04.10 06:02:58.326,16.53105,16.53468,0.00,0.00
2012.04.10 06:03:00.135,16.53088,16.53451,0.00,0.00
2012.04.10 06:03:00.401,16.53068,16.53432,0.00,0.00
2012.04.10 06:03:06.150,16.53042,16.53406,0.00,0.00
2012.04.10 06:03:06.544,16.52996,16.5336,0.00,0.00
2012.04.10 06:03:06.666,16.52976,16.53348,0.00,0.00
2012.04.10 06:03:07.735,16.52994,16.53358,0.00,0.00
2012.04.10 06:03:08.400,16.5301,16.53373,0.00,0.00
2012.04.10 06:03:09.079,16.52977,16.53348,0.00,0.00
2012.04.10 06:03:10.526,16.52997,16.5336,0.00,0.00
2012.04.10 06:03:10.799,16.5297,16.53348,0.00,0.00
2012.04.10 06:03:11.309,16.52989,16.53352,0.00,0.00
2012.04.10 06:03:13.325,16.5297,16.53338,0.00,0.00
2012.04.10 06:03:13.732,16.52991,16.53354,0.00,0.00
2012.04.10 06:03:16.117,16.53027,16.5339,0.00,0.00
2012.04.10 06:03:16.603,16.53006,16.5337,0.00,0.00
2012.04.10 06:03:19.556,16.53022,16.53385,0.00,0.00
2012.04.10 06:03:24.189,16.53032,16.53396,0.00,0.00
2012.04.10 06:03:24.309,16.53032,16.53368,0.00,0.00
2012.04.10 06:03:24.392,16.53048,16.53411,0.00,0.00
2012.04.10 06:03:24.726,16.53031,16.53394,0.00,0.00
2012.04.10 06:03:29.767,16.53031,16.53348,0.00,0.00
2012.04.10 06:03:36.979,16.53022,16.53385,0.00,0.00
2012.04.10 06:03:39.487,16.53031,16.53395,0.00,0.00
2012.04.10 06:03:40.372,16.53011,16.53374,0.00,0.00
2012.04.10 06:03:43.791,16.53011,16.53338,0.00,0.00
2012.04.10 06:03:43.854,16.53003,16.53366,0.00,0.00
2012.04.10 06:03:43.916,16.52947,16.53248,0.00,0.00
2012.04.10 06:03:44.146,16.52985,16.53348,0.00,0.00
2012.04.10 06:03:48.460,16.53001,16.53364,0.00,0.00
2012.04.10 06:03:48.584,16.52971,16.53334,0.00,0.00
2012.04.10 06:03:48.837,16.52993,16.53356,0.00,0.00
2012.04.10 06:03:50.502,16.52975,16.53338,0.00,0.00
2012.04.10 06:03:51.060,16.52953,16.53316,0.00,0.00
2012.04.10 06:03:51.243,16.52953,16.53338,0.00,0.00
2012.04.10 06:03:51.304,16.52933,16.53338,0.00,0.00
2012.04.10 06:03:51.782,16.52967,16.53338,0.00,0.00
2012.04.10 06:03:52.974,16.52988,16.53351,0.00,0.00
2012.04.10 06:03:53.586,16.52948,16.53248,0.00,0.00
2012.04.10 06:03:53.811,16.5297,16.53334,0.00,0.00
2012.04.10 06:03:54.332,16.52951,16.53314,0.00,0.00
2012.04.10 06:03:54.517,16.5297,16.53333,0.00,0.00
2012.04.10 06:03:54.838,16.5297,16.53348,0.00,0.00
2012.04.10 06:03:55.144,16.53009,16.53372,0.00,0.00
2012.04.10 06:04:00.255,16.52947,16.53248,0.00,0.00
2012.04.10 06:04:00.335,16.5298,16.53343,0.00,0.00
2012.04.10 06:04:00.559,16.52955,16.53318,0.00,0.00
2012.04.10 06:04:00.915,16.52974,16.53337,0.00,0.00
2012.04.10 06:04:01.085,16.52945,16.53308,0.00,0.00
2012.04.10 06:04:02.338,16.52965,16.53329,0.00,0.00
2012.04.10 06:04:03.781,16.5296,16.53323,0.00,0.00
2012.04.10 06:04:04.520,16.52939,16.53302,0.00,0.00
2012.04.10 06:04:05.015,16.52956,16.5332,0.00,0.00
2012.04.10 06:04:06.887,16.52938,16.53301,0.00,0.00
2012.04.10 06:04:08.830,16.52955,16.53318,0.00,0.00
2012.04.10 06:04:09.365,16.52872,16.53248,0.00,0.00
2012.04.10 06:04:09.577,16.52905,16.53268,0.00,0.00
2012.04.10 06:04:09.998,16.52923,16.53286,0.00,0.00
2012.04.10 06:04:10.067,16.52923,16.53248,0.00,0.00
2012.04.10 06:04:10.137,16.52948,16.53311,0.00,0.00
2012.04.10 06:04:16.379,16.52928,16.53228,0.00,0.00
2012.04.10 06:04:17.343,16.52903,16.53266,0.00,0.00
2012.04.10 06:04:18.125,16.52919,16.53282,0.00,0.00
2012.04.10 06:04:18.600,16.529,16.53263,0.00,0.00
2012.04.10 06:04:19.385,16.529,16.53248,0.00,0.00
2012.04.10 06:04:19.674,16.52917,16.5328,0.00,0.00
2012.04.10 06:04:21.576,16.52926,16.53248,0.00,0.00
2012.04.10 06:04:22.028,16.52945,16.53309,0.00,0.00
2012.04.10 06:04:22.251,16.52926,16.5329,0.00,0.00
2012.04.10 06:04:23.126,16.52944,16.53308,0.00,0.00
2012.04.10 06:04:24.106,16.52926,16.5329,0.00,0.00
2012.04.10 06:04:24.942,16.52848,16.53148,0.00,0.00
2012.04.10 06:04:26.220,16.52904,16.53267,0.00,0.00
2012.04.10 06:04:27.242,16.52904,16.53315,0.00,0.00
2012.04.10 06:04:27.375,16.53057,16.53421,0.00,0.00
2012.04.10 06:04:27.574,16.5304,16.53403,0.00,0.00
2012.04.10 06:04:27.864,16.53058,16.53422,0.00,0.00
2012.04.10 06:04:28.887,16.53074,16.53437,0.00,0.00
2012.04.10 06:04:29.977,16.53049,16.53413,0.00,0.00
2012.04.10 06:04:30.195,16.53011,16.53374,0.00,0.00
2012.04.10 06:04:30.544,16.53034,16.53397,0.00,0.00
2012.04.10 06:04:31.298,16.52985,16.53348,0.00,0.00
2012.04.10 06:04:31.868,16.52969,16.53338,0.00,0.00
2012.04.10 06:04:32.532,16.52989,16.53352,0.00,0.00
2012.04.10 06:04:32.804,16.52965,16.53338,0.00,0.00
2012.04.10 06:04:33.265,16.52937,16.53338,0.00,0.00
2012.04.10 06:04:34.077,16.52937,16.53248,0.00,0.00
2012.04.10 06:04:34.160,16.52907,16.5327,0.00,0.00
2012.04.10 06:04:35.445,16.52891,16.53254,0.00,0.00
2012.04.10 06:04:35.607,16.52913,16.53276,0.00,0.00
2012.04.10 06:04:35.891,16.52876,16.53248,0.00,0.00
2012.04.10 06:04:36.567,16.52866,16.5323,0.00,0.00
2012.04.10 06:04:37.027,16.52849,16.53218,0.00,0.00
2012.04.10 06:04:44.116,16.52847,16.53148,0.00,0.00
2012.04.10 06:04:45.085,16.52838,16.53202,0.00,0.00
2012.04.10 06:04:45.146,16.52838,16.53178,0.00,0.00
2012.04.10 06:04:45.288,16.52856,16.5322,0.00,0.00
2012.04.10 06:04:46.502,16.52835,16.53198,0.00,0.00
2012.04.10 06:04:49.474,16.52816,16.5318,0.00,0.00
2012.04.10 06:04:51.309,16.52845,16.53208,0.00,0.00
2012.04.10 06:04:54.875,16.52826,16.53189,0.00,0.00
2012.04.10 06:04:55.575,16.52804,16.53167,0.00,0.00
2012.04.10 06:04:57.044,16.52804,16.53178,0.00,0.00
2012.04.10 06:04:57.105,16.52821,16.53184,0.00,0.00
2012.04.10 06:04:57.579,16.52795,16.53158,0.00,0.00
2012.04.10 06:04:57.975,16.52814,16.53148,0.00,0.00
2012.04.10 06:04:58.469,16.52832,16.53195,0.00,0.00
2012.04.10 06:04:58.872,16.52811,16.53174,0.00,0.00
2012.04.10 06:04:59.971,16.52823,16.53187,0.00,0.00
2012.04.10 06:05:01.769,16.52805,16.53168,0.00,0.00
2012.04.10 06:05:01.839,16.52789,16.53152,0.00,0.00
2012.04.10 06:05:06.941,16.52648,16.52948,0.00,0.00
2012.04.10 06:05:07.010,16.52768,16.53132,0.00,0.00
2012.04.10 06:05:07.167,16.52707,16.5307,0.00,0.00
2012.04.10 06:05:07.347,16.52707,16.53048,0.00,0.00
2012.04.10 06:05:07.415,16.52691,16.53048,0.00,0.00
2012.04.10 06:05:07.809,16.52814,16.53148,0.00,0.00
2012.04.10 06:05:08.169,16.52774,16.53138,0.00,0.00
2012.04.10 06:05:08.504,16.52786,16.53148,0.00,0.00
2012.04.10 06:05:10.007,16.52748,16.53048,0.00,0.00
2012.04.10 06:05:10.087,16.52761,16.53124,0.00,0.00
2012.04.10 06:05:10.325,16.52735,16.53098,0.00,0.00
2012.04.10 06:05:10.526,16.52751,16.53114,0.00,0.00
2012.04.10 06:05:10.959,16.52764,16.53127,0.00,0.00
2012.04.10 06:05:12.521,16.52745,16.53108,0.00,0.00
2012.04.10 06:05:12.842,16.52785,16.53148,0.00,0.00
2012.04.10 06:05:14.854,16.52769,16.53132,0.00,0.00
2012.04.10 06:05:15.767,16.52748,16.53048,0.00,0.00
2012.04.10 06:05:15.830,16.52773,16.53136,0.00,0.00
2012.04.10 06:05:16.427,16.52757,16.5312,0.00,0.00
2012.04.10 06:05:17.138,16.52752,16.53116,0.00,0.00
2012.04.10 06:05:18.611,16.52763,16.53126,0.00,0.00
2012.04.10 06:05:20.344,16.52745,16.53108,0.00,0.00
2012.04.10 06:05:20.546,16.52763,16.53126,0.00,0.00
2012.04.10 06:05:20.766,16.52707,16.5307,0.00,0.00
2012.04.10 06:05:20.985,16.52772,16.53135,0.00,0.00
2012.04.10 06:05:21.349,16.52794,16.53158,0.00,0.00
2012.04.10 06:05:31.337,16.52773,16.53136,0.00,0.00
2012.04.10 06:05:31.690,16.52757,16.5312,0.00,0.00
2012.04.10 06:05:35.143,16.52775,16.53138,0.00,0.00
2012.04.10 06:05:36.367,16.52756,16.53119,0.00,0.00
2012.04.10 06:05:39.824,16.52748,16.53111,0.00,0.00
2012.04.10 06:05:41.322,16.52727,16.53091,0.00,0.00
2012.04.10 06:05:42.035,16.52745,16.53108,0.00,0.00
2012.04.10 06:05:42.575,16.52761,16.53125,0.00,0.00
2012.04.10 06:05:46.397,16.52784,16.53148,0.00,0.00
2012.04.10 06:05:47.137,16.5274,16.53103,0.00,0.00
2012.04.10 06:05:48.640,16.52746,16.5311,0.00,0.00
2012.04.10 06:05:50.161,16.52746,16.53148,0.00,0.00
2012.04.10 06:05:50.293,16.52829,16.53193,0.00,0.00
2012.04.10 06:05:50.649,16.528,16.53178,0.00,0.00
2012.04.10 06:05:51.061,16.52816,16.53179,0.00,0.00
2012.04.10 06:05:52.683,16.52799,16.53162,0.00,0.00
2012.04.10 06:05:56.696,16.52791,16.53154,0.00,0.00
2012.04.10 06:05:56.860,16.52767,16.5313,0.00,0.00
2012.04.10 06:06:00.246,16.52754,16.53118,0.00,0.00
2012.04.10 06:06:00.522,16.52737,16.531,0.00,0.00
2012.04.10 06:06:00.736,16.52766,16.53129,0.00,0.00
2012.04.10 06:06:01.422,16.52742,16.53105,0.00,0.00
2012.04.10 06:06:01.878,16.5277,16.53133,0.00,0.00
2012.04.10 06:06:01.941,16.52745,16.53108,0.00,0.00
2012.04.10 06:06:02.271,16.52761,16.53124,0.00,0.00
2012.04.10 06:06:02.685,16.52744,16.53107,0.00,0.00
2012.04.10 06:06:02.865,16.52776,16.5314,0.00,0.00
2012.04.10 06:06:03.018,16.52752,16.53115,0.00,0.00
2012.04.10 06:06:03.410,16.52773,16.53136,0.00,0.00
2012.04.10 06:06:15.933,16.52765,16.53128,0.00,0.00
2012.04.10 06:06:16.315,16.52748,16.53111,0.00,0.00
2012.04.10 06:06:16.527,16.52709,16.53072,0.00,0.00
2012.04.10 06:06:16.809,16.52727,16.5309,0.00,0.00
2012.04.10 06:06:18.294,16.52749,16.53112,0.00,0.00
2012.04.10 06:06:18.462,16.52727,16.5309,0.00,0.00
2012.04.10 06:06:18.737,16.52744,16.53107,0.00,0.00
2012.04.10 06:06:18.948,16.52724,16.53088,0.00,0.00
2012.04.10 06:06:19.175,16.52691,16.53054,0.00,0.00
2012.04.10 06:06:19.659,16.52747,16.53048,0.00,0.00
2012.04.10 06:06:20.702,16.52737,16.531,0.00,0.00
2012.04.10 06:06:20.768,16.52767,16.53131,0.00,0.00
2012.04.10 06:06:22.170,16.52767,16.53138,0.00,0.00
2012.04.10 06:06:22.238,16.52782,16.53146,0.00,0.00
2012.04.10 06:06:22.363,16.52798,16.53161,0.00,0.00
2012.04.10 06:06:22.748,16.52802,16.53165,0.00,0.00
2012.04.10 06:06:23.592,16.52826,16.53148,0.00,0.00
2012.04.10 06:06:26.855,16.52834,16.53197,0.00,0.00
2012.04.10 06:06:31.298,16.52802,16.53165,0.00,0.00
2012.04.10 06:06:31.918,16.52829,16.53192,0.00,0.00
2012.04.10 06:06:35.099,16.52826,16.53189,0.00,0.00
2012.04.10 06:06:35.528,16.52822,16.53186,0.00,0.00
2012.04.10 06:06:36.637,16.52803,16.53167,0.00,0.00
2012.04.10 06:06:38.129,16.52791,16.53154,0.00,0.00
2012.04.10 06:06:39.175,16.52728,16.53092,0.00,0.00
2012.04.10 06:06:44.122,16.52706,16.53069,0.00,0.00
2012.04.10 06:06:44.728,16.52648,16.52948,0.00,0.00
2012.04.10 06:06:44.798,16.52685,16.53048,0.00,0.00
2012.04.10 06:06:45.508,16.52664,16.53027,0.00,0.00
2012.04.10 06:06:46.866,16.52683,16.53047,0.00,0.00
2012.04.10 06:06:49.260,16.52683,16.53048,0.00,0.00
2012.04.10 06:06:55.029,16.52647,16.52948,0.00,0.00
2012.04.10 06:06:55.434,16.52507,16.52808,0.00,0.00
2012.04.10 06:06:55.543,16.52504,16.52867,0.00,0.00
2012.04.10 06:06:56.444,16.52487,16.52851,0.00,0.00
2012.04.10 06:06:56.667,16.52461,16.52824,0.00,0.00
2012.04.10 06:06:56.736,16.52447,16.52748,0.00,0.00
2012.04.10 06:06:56.884,16.52424,16.52787,0.00,0.00
2012.04.10 06:06:57.505,16.52443,16.52807,0.00,0.00
2012.04.10 06:06:57.817,16.52462,16.52825,0.00,0.00
2012.04.10 06:06:58.233,16.52439,16.52803,0.00,0.00
2012.04.10 06:06:58.453,16.52378,16.52748,0.00,0.00
2012.04.10 06:06:58.850,16.52353,16.52748,0.00,0.00
2012.04.10 06:06:59.211,16.52337,16.5274,0.00,0.00
2012.04.10 06:06:59.334,16.5232,16.52731,0.00,0.00
2012.04.10 06:07:01.217,16.5234,16.52748,0.00,0.00
2012.04.10 06:07:02.616,16.52323,16.52734,0.00,0.00
2012.04.10 06:07:03.620,16.52346,16.52748,0.00,0.00
2012.04.10 06:07:03.837,16.52354,16.52748,0.00,0.00
2012.04.10 06:07:04.195,16.52328,16.52739,0.00,0.00
2012.04.10 06:07:05.251,16.52365,16.52748,0.00,0.00
2012.04.10 06:07:07.172,16.52359,16.52748,0.00,0.00
2012.04.10 06:07:07.906,16.52342,16.52748,0.00,0.00
2012.04.10 06:07:08.316,16.52389,16.52752,0.00,0.00
2012.04.10 06:07:09.230,16.52377,16.52748,0.00,0.00
2012.04.10 06:07:11.067,16.52361,16.52748,0.00,0.00
2012.04.10 06:07:12.976,16.52379,16.52748,0.00,0.00
2012.04.10 06:07:14.175,16.52414,16.52818,0.00,0.00
2012.04.10 06:07:15.037,16.52396,16.52799,0.00,0.00
2012.04.10 06:07:15.434,16.52407,16.52818,0.00,0.00
2012.04.10 06:07:16.755,16.52386,16.52797,0.00,0.00
2012.04.10 06:07:17.228,16.52369,16.5278,0.00,0.00
2012.04.10 06:07:17.596,16.5235,16.52748,0.00,0.00
2012.04.10 06:07:18.639,16.52367,16.52748,0.00,0.00
2012.04.10 06:07:19.017,16.52348,16.52748,0.00,0.00
2012.04.10 06:07:20.744,16.52365,16.52748,0.00,0.00
2012.04.10 06:07:21.452,16.52347,16.52648,0.00,0.00
2012.04.10 06:07:21.547,16.52337,16.527,0.00,0.00
2012.04.10 06:07:21.755,16.52298,16.52662,0.00,0.00
2012.04.10 06:07:22.738,16.52337,16.527,0.00,0.00
2012.04.10 06:07:24.761,16.52337,16.5274,0.00,0.00
2012.04.10 06:07:24.875,16.52351,16.52748,0.00,0.00
2012.04.10 06:07:25.210,16.52372,16.52748,0.00,0.00
2012.04.10 06:07:28.733,16.52352,16.52748,0.00,0.00
2012.04.10 06:07:29.065,16.52343,16.52706,0.00,0.00
2012.04.10 06:07:30.012,16.52322,16.52685,0.00,0.00
2012.04.10 06:07:30.711,16.5234,16.52703,0.00,0.00
2012.04.10 06:07:31.357,16.52324,16.52687,0.00,0.00
2012.04.10 06:07:32.007,16.52341,16.52704,0.00,0.00
2012.04.10 06:07:34.947,16.52323,16.52686,0.00,0.00
2012.04.10 06:07:35.678,16.52323,16.52734,0.00,0.00
2012.04.10 06:07:36.179,16.52323,16.52648,0.00,0.00
2012.04.10 06:07:36.666,16.52348,16.52711,0.00,0.00
2012.04.10 06:07:38.265,16.52329,16.52693,0.00,0.00
2012.04.10 06:07:39.054,16.52304,16.52667,0.00,0.00
2012.04.10 06:07:41.896,16.5232,16.52683,0.00,0.00
2012.04.10 06:07:43.615,16.52293,16.52656,0.00,0.00
2012.04.10 06:07:44.702,16.52309,16.52672,0.00,0.00
2012.04.10 06:07:44.976,16.52282,16.52648,0.00,0.00
2012.04.10 06:07:45.036,16.52248,16.52548,0.00,0.00
2012.04.10 06:07:45.095,16.52223,16.52587,0.00,0.00
2012.04.10 06:07:45.475,16.52242,16.52606,0.00,0.00
2012.04.10 06:07:46.221,16.52224,16.52588,0.00,0.00
2012.04.10 06:07:46.445,16.52237,16.526,0.00,0.00
2012.04.10 06:07:47.894,16.52227,16.5259,0.00,0.00
2012.04.10 06:07:48.468,16.5221,16.52573,0.00,0.00
2012.04.10 06:07:48.995,16.52234,16.52598,0.00,0.00
2012.04.10 06:07:49.979,16.52218,16.52582,0.00,0.00
2012.04.10 06:07:50.356,16.52235,16.52598,0.00,0.00
2012.04.10 06:07:51.416,16.52217,16.5258,0.00,0.00
2012.04.10 06:07:51.559,16.52217,16.52628,0.00,0.00
2012.04.10 06:07:51.683,16.52269,16.52648,0.00,0.00
2012.04.10 06:07:51.819,16.52298,16.52662,0.00,0.00
2012.04.10 06:07:52.750,16.52316,16.52719,0.00,0.00
2012.04.10 06:07:52.974,16.5235,16.52748,0.00,0.00
2012.04.10 06:07:53.607,16.52371,16.52748,0.00,0.00
2012.04.10 06:07:54.378,16.52355,16.52748,0.00,0.00
2012.04.10 06:07:54.760,16.52345,16.52748,0.00,0.00
2012.04.10 06:07:54.834,16.52357,16.52748,0.00,0.00
2012.04.10 06:07:55.799,16.52362,16.52748,0.00,0.00
2012.04.10 06:07:55.863,16.52341,16.52748,0.00,0.00
2012.04.10 06:07:56.259,16.52394,16.52758,0.00,0.00
2012.04.10 06:07:56.487,16.52378,16.52748,0.00,0.00
2012.04.10 06:07:57.411,16.52361,16.52748,0.00,0.00
2012.04.10 06:07:57.994,16.52441,16.52838,0.00,0.00
2012.04.10 06:07:59.173,16.52441,16.52748,0.00,0.00
2012.04.10 06:07:59.585,16.52399,16.52762,0.00,0.00
2012.04.10 06:08:04.329,16.52375,16.52748,0.00,0.00
2012.04.10 06:08:04.568,16.52356,16.52748,0.00,0.00
2012.04.10 06:08:04.706,16.52293,16.52704,0.00,0.00
2012.04.10 06:08:04.929,16.52275,16.52648,0.00,0.00
2012.04.10 06:08:05.173,16.52287,16.5265,0.00,0.00
2012.04.10 06:08:05.413,16.52233,16.52644,0.00,0.00
2012.04.10 06:08:05.940,16.52452,16.52752,0.00,0.00
2012.04.10 06:08:06.069,16.52465,16.52876,0.00,0.00
2012.04.10 06:08:06.135,16.52528,16.52939,0.00,0.00
2012.04.10 06:08:06.455,16.52451,16.52848,0.00,0.00
2012.04.10 06:08:06.825,16.52551,16.52914,0.00,0.00
2012.04.10 06:08:07.046,16.52531,16.52894,0.00,0.00
2012.04.10 06:08:07.265,16.52508,16.52871,0.00,0.00
2012.04.10 06:08:07.323,16.52508,16.52919,0.00,0.00
2012.04.10 06:08:07.384,16.52543,16.52947,0.00,0.00
2012.04.10 06:08:07.535,16.52562,16.52948,0.00,0.00
2012.04.10 06:08:07.755,16.52545,16.52948,0.00,0.00
2012.04.10 06:08:08.074,16.5253,16.52893,0.00,0.00
2012.04.10 06:08:08.257,16.52423,16.52818,0.00,0.00
2012.04.10 06:08:09.135,16.52397,16.528,0.00,0.00
2012.04.10 06:08:09.525,16.52429,16.52748,0.00,0.00
2012.04.10 06:08:09.684,16.524,16.52811,0.00,0.00
2012.04.10 06:08:09.903,16.52417,16.5278,0.00,0.00
2012.04.10 06:08:10.055,16.52387,16.5275,0.00,0.00
2012.04.10 06:08:10.335,16.52462,16.52848,0.00,0.00
2012.04.10 06:08:10.685,16.52439,16.52808,0.00,0.00
2012.04.10 06:08:10.877,16.52428,16.52808,0.00,0.00
2012.04.10 06:08:11.310,16.52428,16.52748,0.00,0.00
2012.04.10 06:08:11.625,16.52371,16.52734,0.00,0.00
2012.04.10 06:08:11.722,16.52371,16.52748,0.00,0.00
2012.04.10 06:08:11.791,16.52361,16.52748,0.00,0.00
2012.04.10 06:08:12.174,16.52378,16.52748,0.00,0.00
2012.04.10 06:08:14.223,16.5244,16.52838,0.00,0.00
2012.04.10 06:08:14.343,16.52466,16.52838,0.00,0.00
2012.04.10 06:08:14.854,16.52488,16.52851,0.00,0.00
2012.04.10 06:08:15.242,16.52516,16.52838,0.00,0.00
2012.04.10 06:08:15.303,16.52489,16.52852,0.00,0.00
2012.04.10 06:08:15.434,16.52471,16.52838,0.00,0.00
2012.04.10 06:08:15.763,16.52471,16.52808,0.00,0.00
2012.04.10 06:08:16.096,16.5248,16.52843,0.00,0.00
2012.04.10 06:08:16.469,16.52462,16.52808,0.00,0.00
2012.04.10 06:08:16.594,16.52483,16.52847,0.00,0.00
2012.04.10 06:08:16.976,16.52477,16.52778,0.00,0.00
2012.04.10 06:08:17.471,16.52425,16.52788,0.00,0.00
2012.04.10 06:08:17.598,16.52425,16.52748,0.00,0.00
2012.04.10 06:08:17.973,16.52443,16.52806,0.00,0.00
2012.04.10 06:08:18.427,16.52425,16.52788,0.00,0.00
2012.04.10 06:08:18.997,16.52425,16.52778,0.00,0.00
2012.04.10 06:08:19.077,16.52447,16.52811,0.00,0.00
2012.04.10 06:08:19.559,16.52447,16.52798,0.00,0.00
2012.04.10 06:08:19.675,16.52472,16.52836,0.00,0.00
2012.04.10 06:08:20.742,16.52489,16.52852,0.00,0.00
2012.04.10 06:08:21.646,16.5247,16.52833,0.00,0.00
2012.04.10 06:08:23.138,16.5249,16.52854,0.00,0.00
2012.04.10 06:08:23.205,16.5249,16.52818,0.00,0.00
2012.04.10 06:08:23.401,16.52463,16.52826,0.00,0.00
2012.04.10 06:08:23.677,16.52485,16.52848,0.00,0.00
2012.04.10 06:08:24.273,16.52452,16.52815,0.00,0.00
2012.04.10 06:08:24.706,16.52426,16.52789,0.00,0.00
2012.04.10 06:08:25.299,16.52445,16.52809,0.00,0.00
2012.04.10 06:08:25.571,16.52419,16.52782,0.00,0.00
2012.04.10 06:08:26.165,16.52435,16.52798,0.00,0.00
2012.04.10 06:08:29.444,16.52443,16.52807,0.00,0.00
2012.04.10 06:08:30.052,16.52461,16.52824,0.00,0.00
2012.04.10 06:08:31.434,16.52472,16.52836,0.00,0.00
2012.04.10 06:08:31.957,16.52448,16.52748,0.00,0.00
2012.04.10 06:08:33.666,16.52494,16.52848,0.00,0.00
2012.04.10 06:08:33.723,16.52525,16.52888,0.00,0.00
2012.04.10 06:08:34.129,16.52515,16.52878,0.00,0.00
2012.04.10 06:08:35.657,16.52531,16.52895,0.00,0.00
2012.04.10 06:08:36.176,16.52447,16.52748,0.00,0.00
2012.04.10 06:08:36.491,16.52471,16.52834,0.00,0.00
2012.04.10 06:08:37.075,16.52491,16.52854,0.00,0.00
2012.04.10 06:08:38.064,16.52468,16.52832,0.00,0.00
2012.04.10 06:08:39.467,16.52468,16.52828,0.00,0.00
2012.04.10 06:08:39.552,16.52486,16.5285,0.00,0.00
2012.04.10 06:08:39.931,16.52516,16.52828,0.00,0.00
2012.04.10 06:08:39.995,16.52472,16.52836,0.00,0.00
2012.04.10 06:08:40.329,16.52493,16.52857,0.00,0.00
2012.04.10 06:08:40.937,16.52509,16.52872,0.00,0.00
2012.04.10 06:08:42.649,16.52482,16.52845,0.00,0.00
2012.04.10 06:08:44.257,16.52482,16.52808,0.00,0.00
2012.04.10 06:08:44.864,16.52487,16.5285,0.00,0.00
2012.04.10 06:08:48.455,16.52471,16.52834,0.00,0.00
2012.04.10 06:08:48.746,16.52471,16.52848,0.00,0.00
2012.04.10 06:08:48.804,16.52511,16.52875,0.00,0.00
2012.04.10 06:08:49.227,16.52555,16.52918,0.00,0.00
2012.04.10 06:08:50.965,16.52536,16.52899,0.00,0.00
2012.04.10 06:08:52.046,16.52548,16.52848,0.00,0.00
2012.04.10 06:08:52.388,16.52573,16.52936,0.00,0.00
2012.04.10 06:08:53.371,16.52587,16.5295,0.00,0.00
2012.04.10 06:08:53.436,16.52587,16.52918,0.00,0.00
2012.04.10 06:08:54.762,16.52571,16.52934,0.00,0.00
2012.04.10 06:08:54.841,16.52592,16.52956,0.00,0.00
2012.04.10 06:08:56.404,16.52575,16.52938,0.00,0.00
2012.04.10 06:08:57.044,16.52593,16.52957,0.00,0.00
2012.04.10 06:08:57.162,16.52593,16.52938,0.00,0.00
2012.04.10 06:09:00.320,16.52547,16.52848,0.00,0.00
2012.04.10 06:09:00.407,16.52531,16.52894,0.00,0.00
2012.04.10 06:09:00.515,16.52531,16.52918,0.00,0.00
2012.04.10 06:09:00.683,16.52547,16.52918,0.00,0.00
2012.04.10 06:09:02.068,16.52577,16.5294,0.00,0.00
2012.04.10 06:09:02.137,16.52593,16.52957,0.00,0.00
2012.04.10 06:09:02.422,16.52575,16.52938,0.00,0.00
2012.04.10 06:09:04.505,16.52591,16.52954,0.00,0.00
2012.04.10 06:09:11.192,16.52591,16.52938,0.00,0.00
2012.04.10 06:09:14.716,16.52602,16.52966,0.00,0.00
2012.04.10 06:09:15.835,16.52584,16.52938,0.00,0.00
2012.04.10 06:09:20.680,16.52548,16.52848,0.00,0.00
2012.04.10 06:09:20.917,16.52563,16.52927,0.00,0.00
2012.04.10 06:09:22.654,16.52537,16.529,0.00,0.00
2012.04.10 06:09:22.878,16.52518,16.52881,0.00,0.00
2012.04.10 06:09:23.979,16.52534,16.52897,0.00,0.00
2012.04.10 06:09:24.202,16.52516,16.52879,0.00,0.00
2012.04.10 06:09:24.470,16.52549,16.52913,0.00,0.00
2012.04.10 06:09:27.116,16.5253,16.52893,0.00,0.00
2012.04.10 06:09:27.584,16.52511,16.52874,0.00,0.00
2012.04.10 06:09:27.904,16.52511,16.52888,0.00,0.00
2012.04.10 06:09:27.965,16.5253,16.52894,0.00,0.00
2012.04.10 06:09:28.319,16.52592,16.52918,0.00,0.00
2012.04.10 06:09:29.107,16.52641,16.53004,0.00,0.00
2012.04.10 06:09:29.174,16.52641,16.52948,0.00,0.00
2012.04.10 06:09:30.329,16.52641,16.53044,0.00,0.00
2012.04.10 06:09:30.394,16.52652,16.53048,0.00,0.00
2012.04.10 06:09:30.589,16.52682,16.53048,0.00,0.00
2012.04.10 06:09:30.981,16.52648,16.52948,0.00,0.00
2012.04.10 06:09:31.456,16.52653,16.53016,0.00,0.00
2012.04.10 06:09:31.515,16.52672,16.53036,0.00,0.00
2012.04.10 06:09:34.278,16.52656,16.53019,0.00,0.00
2012.04.10 06:09:36.225,16.52638,16.53001,0.00,0.00
2012.04.10 06:09:38.065,16.52656,16.53019,0.00,0.00
2012.04.10 06:09:39.810,16.52617,16.5298,0.00,0.00
2012.04.10 06:09:40.126,16.52547,16.52848,0.00,0.00
2012.04.10 06:09:40.187,16.52593,16.52956,0.00,0.00
2012.04.10 06:09:40.352,16.52541,16.52905,0.00,0.00
2012.04.10 06:09:40.932,16.52521,16.52885,0.00,0.00
2012.04.10 06:09:41.090,16.5255,16.52913,0.00,0.00
2012.04.10 06:09:41.955,16.52581,16.52944,0.00,0.00
2012.04.10 06:09:42.593,16.52602,16.52966,0.00,0.00
2012.04.10 06:09:42.662,16.52602,16.52948,0.00,0.00
2012.04.10 06:09:43.583,16.52622,16.52985,0.00,0.00
2012.04.10 06:09:45.188,16.52604,16.52967,0.00,0.00
2012.04.10 06:09:46.505,16.5262,16.52983,0.00,0.00
2012.04.10 06:09:47.421,16.52628,16.52991,0.00,0.00
2012.04.10 06:09:48.501,16.52652,16.53015,0.00,0.00
2012.04.10 06:09:50.051,16.52631,16.52994,0.00,0.00
2012.04.10 06:09:50.226,16.5261,16.52973,0.00,0.00
2012.04.10 06:09:50.607,16.52627,16.52991,0.00,0.00
2012.04.10 06:09:52.723,16.52547,16.52848,0.00,0.00
2012.04.10 06:09:53.441,16.52583,16.52946,0.00,0.00
2012.04.10 06:09:56.036,16.52575,16.52938,0.00,0.00
2012.04.10 06:09:58.820,16.52575,16.52948,0.00,0.00
2012.04.10 06:09:59.081,16.52587,16.5295,0.00,0.00
2012.04.10 06:09:59.147,16.5264,16.52948,0.00,0.00
2012.04.10 06:10:00.428,16.52662,16.53026,0.00,0.00
2012.04.10 06:10:02.007,16.52643,16.53007,0.00,0.00
2012.04.10 06:10:02.228,16.52617,16.5298,0.00,0.00
2012.04.10 06:10:02.457,16.52636,16.52999,0.00,0.00
2012.04.10 06:10:03.275,16.52348,16.52689,0.00,0.00
2012.04.10 06:10:03.335,16.52622,16.52986,0.00,0.00
2012.04.10 06:10:03.550,16.52342,16.52691,0.00,0.00
2012.04.10 06:10:03.877,16.5263,16.52993,0.00,0.00
2012.04.10 06:10:05.558,16.52642,16.53006,0.00,0.00
2012.04.10 06:10:06.419,16.52547,16.52848,0.00,0.00
2012.04.10 06:10:06.809,16.52554,16.52917,0.00,0.00
2012.04.10 06:10:08.820,16.52546,16.52909,0.00,0.00
2012.04.10 06:10:09.533,16.52527,16.5289,0.00,0.00
2012.04.10 06:10:09.633,16.52447,16.52748,0.00,0.00
2012.04.10 06:10:09.744,16.52444,16.52807,0.00,0.00
2012.04.10 06:10:10.269,16.52425,16.52788,0.00,0.00
2012.04.10 06:10:10.995,16.52278,16.52578,0.00,0.00
2012.04.10 06:10:11.058,16.52396,16.5276,0.00,0.00
2012.04.10 06:10:11.302,16.52307,16.52608,0.00,0.00
2012.04.10 06:10:11.913,16.52277,16.52578,0.00,0.00
2012.04.10 06:10:12.235,16.52371,16.52734,0.00,0.00
2012.04.10 06:10:12.301,16.52317,16.52618,0.00,0.00
2012.04.10 06:10:12.823,16.52355,16.52718,0.00,0.00
2012.04.10 06:10:12.945,16.52306,16.52669,0.00,0.00
2012.04.10 06:10:13.060,16.52288,16.52651,0.00,0.00
2012.04.10 06:10:13.428,16.52258,16.52558,0.00,0.00
2012.04.10 06:10:13.937,16.52207,16.52508,0.00,0.00
2012.04.10 06:10:14.596,16.52187,16.52488,0.00,0.00
2012.04.10 06:10:18.454,16.52219,16.52582,0.00,0.00
2012.04.10 06:10:18.742,16.52219,16.52548,0.00,0.00
2012.04.10 06:10:18.806,16.52197,16.5256,0.00,0.00
2012.04.10 06:10:19.695,16.52269,16.52633,0.00,0.00
2012.04.10 06:10:19.757,16.52269,16.52588,0.00,0.00
2012.04.10 06:10:20.208,16.52233,16.52596,0.00,0.00
2012.04.10 06:10:20.429,16.52215,16.52588,0.00,0.00
2012.04.10 06:10:21.758,16.52215,16.52528,0.00,0.00
2012.04.10 06:10:21.853,16.52192,16.52555,0.00,0.00
2012.04.10 06:10:22.073,16.52174,16.52538,0.00,0.00
2012.04.10 06:10:22.461,16.52193,16.52556,0.00,0.00
2012.04.10 06:10:22.526,16.52193,16.52558,0.00,0.00
2012.04.10 06:10:22.662,16.52215,16.52578,0.00,0.00
2012.04.10 06:10:22.929,16.52215,16.52618,0.00,0.00
2012.04.10 06:10:22.994,16.52252,16.52648,0.00,0.00
2012.04.10 06:10:23.343,16.5227,16.52648,0.00,0.00
2012.04.10 06:10:24.075,16.5225,16.52648,0.00,0.00
2012.04.10 06:10:24.405,16.52218,16.52618,0.00,0.00
2012.04.10 06:10:24.961,16.52198,16.52609,0.00,0.00
2012.04.10 06:10:27.343,16.52214,16.52577,0.00,0.00
2012.04.10 06:10:28.545,16.52195,16.52558,0.00,0.00
2012.04.10 06:10:28.836,16.52177,16.52548,0.00,0.00
2012.04.10 06:10:29.418,16.52153,16.52528,0.00,0.00
2012.04.10 06:10:29.895,16.52207,16.52508,0.00,0.00
2012.04.10 06:10:30.032,16.52207,16.52548,0.00,0.00
2012.04.10 06:10:30.094,16.52183,16.52548,0.00,0.00
2012.04.10 06:10:30.251,16.52214,16.52577,0.00,0.00
2012.04.10 06:10:30.838,16.52237,16.526,0.00,0.00
2012.04.10 06:10:32.253,16.52277,16.5264,0.00,0.00
2012.04.10 06:10:32.575,16.52242,16.52605,0.00,0.00
2012.04.10 06:10:33.453,16.52223,16.52586,0.00,0.00
2012.04.10 06:10:33.650,16.52209,16.52572,0.00,0.00
2012.04.10 06:10:34.983,16.52189,16.52552,0.00,0.00
2012.04.10 06:10:35.949,16.5221,16.52573,0.00,0.00
2012.04.10 06:10:36.986,16.52184,16.52548,0.00,0.00
2012.04.10 06:10:39.885,16.52159,16.52548,0.00,0.00
2012.04.10 06:10:41.250,16.52176,16.52548,0.00,0.00
2012.04.10 06:10:41.585,16.52295,16.52658,0.00,0.00
2012.04.10 06:10:41.958,16.52313,16.52676,0.00,0.00
2012.04.10 06:10:42.625,16.52269,16.52648,0.00,0.00
2012.04.10 06:10:43.918,16.5226,16.52648,0.00,0.00
2012.04.10 06:10:46.679,16.52272,16.52648,0.00,0.00
2012.04.10 06:10:52.404,16.52312,16.52675,0.00,0.00
2012.04.10 06:10:57.907,16.52332,16.52695,0.00,0.00
2012.04.10 06:10:59.789,16.52312,16.52675,0.00,0.00
2012.04.10 06:10:59.856,16.52312,16.52723,0.00,0.00
2012.04.10 06:11:02.825,16.52312,16.52648,0.00,0.00
2012.04.10 06:11:02.884,16.52294,16.52658,0.00,0.00
2012.04.10 06:11:03.134,16.52269,16.52648,0.00,0.00
2012.04.10 06:11:03.739,16.52313,16.52716,0.00,0.00
2012.04.10 06:11:03.818,16.52295,16.52706,0.00,0.00
2012.04.10 06:11:04.151,16.52311,16.52722,0.00,0.00
2012.04.10 06:11:04.704,16.52329,16.52732,0.00,0.00
2012.04.10 06:11:06.395,16.52345,16.52748,0.00,0.00
2012.04.10 06:11:06.457,16.52315,16.52726,0.00,0.00
2012.04.10 06:11:06.589,16.52341,16.52744,0.00,0.00
2012.04.10 06:11:06.932,16.52322,16.52725,0.00,0.00
2012.04.10 06:11:10.155,16.52355,16.52748,0.00,0.00
2012.04.10 06:11:10.627,16.52338,16.52748,0.00,0.00
2012.04.10 06:11:11.248,16.5246,16.52838,0.00,0.00
2012.04.10 06:11:12.265,16.52443,16.52838,0.00,0.00
2012.04.10 06:11:12.617,16.52463,16.52838,0.00,0.00
2012.04.10 06:11:15.827,16.52462,16.52838,0.00,0.00
2012.04.10 06:11:17.066,16.52436,16.52838,0.00,0.00
2012.04.10 06:11:17.806,16.52419,16.5283,0.00,0.00
2012.04.10 06:11:18.228,16.52435,16.52838,0.00,0.00
2012.04.10 06:11:18.464,16.52482,16.52846,0.00,0.00
2012.04.10 06:11:19.638,16.52466,16.52838,0.00,0.00
2012.04.10 06:11:20.037,16.52445,16.52838,0.00,0.00
2012.04.10 06:11:20.848,16.52497,16.5286,0.00,0.00
2012.04.10 06:11:21.706,16.5248,16.52844,0.00,0.00
2012.04.10 06:11:22.544,16.52496,16.5286,0.00,0.00
2012.04.10 06:11:26.496,16.5248,16.52848,0.00,0.00
2012.04.10 06:11:28.455,16.52417,16.52828,0.00,0.00
2012.04.10 06:11:30.838,16.524,16.52811,0.00,0.00
2012.04.10 06:11:31.617,16.52364,16.52775,0.00,0.00
2012.04.10 06:11:32.302,16.52422,16.52833,0.00,0.00
2012.04.10 06:11:34.334,16.52414,16.52817,0.00,0.00
2012.04.10 06:11:34.487,16.52378,16.52782,0.00,0.00
2012.04.10 06:11:34.971,16.52362,16.52773,0.00,0.00
2012.04.10 06:11:36.379,16.52378,16.52781,0.00,0.00
2012.04.10 06:11:36.813,16.52388,16.52799,0.00,0.00
2012.04.10 06:11:38.160,16.52396,16.52807,0.00,0.00
2012.04.10 06:11:39.615,16.52384,16.52787,0.00,0.00
2012.04.10 06:11:39.727,16.52359,16.52763,0.00,0.00
2012.04.10 06:11:42.024,16.52341,16.52748,0.00,0.00
2012.04.10 06:11:42.326,16.52321,16.52648,0.00,0.00
2012.04.10 06:11:42.585,16.52295,16.52658,0.00,0.00
2012.04.10 06:11:42.862,16.52278,16.52648,0.00,0.00
2012.04.10 06:11:43.396,16.52269,16.52648,0.00,0.00
2012.04.10 06:11:52.346,16.52289,16.52652,0.00,0.00
2012.04.10 06:11:53.326,16.52308,16.52711,0.00,0.00
2012.04.10 06:11:54.380,16.5233,16.52741,0.00,0.00
2012.04.10 06:11:54.735,16.52347,16.52748,0.00,0.00
2012.04.10 06:11:54.986,16.52321,16.52732,0.00,0.00
2012.04.10 06:11:55.589,16.5234,16.52748,0.00,0.00
2012.04.10 06:11:56.530,16.52318,16.52729,0.00,0.00
2012.04.10 06:11:57.260,16.52309,16.52713,0.00,0.00
2012.04.10 06:11:57.589,16.52293,16.52704,0.00,0.00
2012.04.10 06:11:57.777,16.52318,16.52722,0.00,0.00
2012.04.10 06:12:00.312,16.52327,16.52738,0.00,0.00
2012.04.10 06:12:00.704,16.52302,16.52713,0.00,0.00
2012.04.10 06:12:01.295,16.52308,16.52719,0.00,0.00
2012.04.10 06:12:01.764,16.52326,16.52737,0.00,0.00
2012.04.10 06:12:04.670,16.52304,16.52715,0.00,0.00
2012.04.10 06:12:07.280,16.52322,16.52726,0.00,0.00
2012.04.10 06:12:09.009,16.52304,16.52707,0.00,0.00
2012.04.10 06:12:11.356,16.52322,16.52725,0.00,0.00
2012.04.10 06:12:13.615,16.52303,16.52714,0.00,0.00
2012.04.10 06:12:16.315,16.52322,16.52718,0.00,0.00
2012.04.10 06:12:18.553,16.52303,16.52708,0.00,0.00
2012.04.10 06:12:20.994,16.52373,16.52784,0.00,0.00
2012.04.10 06:12:21.411,16.52395,16.52806,0.00,0.00
2012.04.10 06:12:22.602,16.52418,16.52829,0.00,0.00
2012.04.10 06:12:24.396,16.52391,16.52802,0.00,0.00
2012.04.10 06:12:24.780,16.52407,16.52811,0.00,0.00
2012.04.10 06:12:25.084,16.52418,16.52829,0.00,0.00
2012.04.10 06:12:25.322,16.52407,16.52811,0.00,0.00
2012.04.10 06:12:26.507,16.52385,16.52796,0.00,0.00
2012.04.10 06:12:27.298,16.52385,16.52789,0.00,0.00
2012.04.10 06:12:27.901,16.52369,16.5278,0.00,0.00
2012.04.10 06:12:29.374,16.52353,16.52748,0.00,0.00
2012.04.10 06:12:29.771,16.52337,16.52748,0.00,0.00
2012.04.10 06:12:30.348,16.52323,16.52648,0.00,0.00
2012.04.10 06:12:31.813,16.52307,16.5267,0.00,0.00
2012.04.10 06:12:35.256,16.52351,16.52714,0.00,0.00
2012.04.10 06:12:35.479,16.52314,16.52677,0.00,0.00
2012.04.10 06:12:35.560,16.52314,16.52725,0.00,0.00
2012.04.10 06:12:37.747,16.52289,16.527,0.00,0.00
2012.04.10 06:12:38.058,16.52311,16.52714,0.00,0.00
2012.04.10 06:12:38.556,16.52311,16.52648,0.00,0.00
2012.04.10 06:12:38.614,16.5229,16.52654,0.00,0.00
2012.04.10 06:12:39.065,16.52266,16.52648,0.00,0.00
2012.04.10 06:12:40.022,16.5225,16.52648,0.00,0.00
2012.04.10 06:12:41.455,16.52216,16.52627,0.00,0.00
2012.04.10 06:12:42.947,16.5225,16.52648,0.00,0.00
2012.04.10 06:12:43.505,16.52267,16.52648,0.00,0.00
2012.04.10 06:12:49.073,16.52248,16.52638,0.00,0.00
2012.04.10 06:12:53.256,16.52267,16.52638,0.00,0.00
2012.04.10 06:13:00.766,16.52251,16.52638,0.00,0.00
2012.04.10 06:13:04.211,16.52274,16.52638,0.00,0.00
2012.04.10 06:13:10.966,16.5225,16.52638,0.00,0.00
2012.04.10 06:13:13.887,16.52227,16.52608,0.00,0.00
2012.04.10 06:13:15.704,16.5221,16.52608,0.00,0.00
2012.04.10 06:13:15.915,16.52235,16.52608,0.00,0.00
2012.04.10 06:13:16.157,16.52219,16.52608,0.00,0.00
2012.04.10 06:13:16.215,16.52239,16.52608,0.00,0.00
2012.04.10 06:13:17.565,16.52257,16.52638,0.00,0.00
2012.04.10 06:13:19.060,16.52275,16.52638,0.00,0.00
2012.04.10 06:13:19.429,16.52239,16.52638,0.00,0.00
2012.04.10 06:13:19.677,16.5225,16.52638,0.00,0.00
2012.04.10 06:13:20.235,16.52241,16.52618,0.00,0.00
2012.04.10 06:13:20.558,16.52225,16.52618,0.00,0.00
2012.04.10 06:13:21.886,16.52225,16.52548,0.00,0.00
2012.04.10 06:13:22.168,16.52195,16.52558,0.00,0.00
2012.04.10 06:13:22.354,16.52213,16.52577,0.00,0.00
2012.04.10 06:13:22.853,16.52213,16.52538,0.00,0.00
2012.04.10 06:13:23.346,16.52159,16.52538,0.00,0.00
2012.04.10 06:13:24.468,16.52159,16.52498,0.00,0.00
2012.04.10 06:13:24.587,16.52127,16.52498,0.00,0.00
2012.04.10 06:13:27.772,16.52143,16.52507,0.00,0.00
2012.04.10 06:13:28.915,16.52143,16.52547,0.00,0.00
2012.04.10 06:13:29.105,16.52158,16.52548,0.00,0.00
2012.04.10 06:13:29.227,16.52186,16.5255,0.00,0.00
2012.04.10 06:13:29.555,16.52176,16.52548,0.00,0.00
2012.04.10 06:13:34.859,16.52155,16.52548,0.00,0.00
2012.04.10 06:13:34.929,16.52147,16.52448,0.00,0.00
2012.04.10 06:13:36.169,16.52173,16.52537,0.00,0.00
2012.04.10 06:13:36.622,16.52144,16.52507,0.00,0.00
2012.04.10 06:13:39.982,16.52171,16.52534,0.00,0.00
2012.04.10 06:13:43.186,16.52154,16.52517,0.00,0.00
2012.04.10 06:13:45.000,16.52171,16.52534,0.00,0.00
2012.04.10 06:13:46.305,16.5215,16.52513,0.00,0.00
2012.04.10 06:13:48.238,16.52167,16.52531,0.00,0.00
2012.04.10 06:13:48.883,16.52185,16.52548,0.00,0.00
2012.04.10 06:13:49.592,16.52167,16.52531,0.00,0.00
2012.04.10 06:13:50.195,16.52193,16.52557,0.00,0.00
2012.04.10 06:13:52.946,16.52193,16.52548,0.00,0.00
2012.04.10 06:13:55.167,16.52174,16.52548,0.00,0.00
2012.04.10 06:13:55.714,16.52158,16.52548,0.00,0.00
2012.04.10 06:13:56.875,16.52176,16.52548,0.00,0.00
2012.04.10 06:13:57.583,16.52158,16.52548,0.00,0.00
2012.04.10 06:13:59.228,16.5214,16.52548,0.00,0.00
2012.04.10 06:14:00.048,16.52161,16.52524,0.00,0.00
2012.04.10 06:14:00.390,16.52093,16.52456,0.00,0.00
2012.04.10 06:14:00.619,16.52038,16.52402,0.00,0.00
2012.04.10 06:14:01.131,16.52007,16.5237,0.00,0.00
2012.04.10 06:14:01.202,16.51985,16.52348,0.00,0.00
2012.04.10 06:14:01.328,16.52003,16.52367,0.00,0.00
2012.04.10 06:14:01.763,16.51947,16.52248,0.00,0.00
2012.04.10 06:14:01.826,16.51925,16.52288,0.00,0.00
2012.04.10 06:14:02.504,16.51925,16.52238,0.00,0.00
2012.04.10 06:14:02.655,16.51904,16.52268,0.00,0.00
2012.04.10 06:14:02.958,16.51898,16.52198,0.00,0.00
2012.04.10 06:14:03.025,16.51869,16.52232,0.00,0.00
2012.04.10 06:14:03.398,16.51891,16.52255,0.00,0.00
2012.04.10 06:14:04.640,16.51891,16.52248,0.00,0.00
2012.04.10 06:14:05.009,16.51939,16.52302,0.00,0.00
2012.04.10 06:14:06.636,16.5192,16.52283,0.00,0.00
2012.04.10 06:14:07.484,16.51938,16.52301,0.00,0.00
2012.04.10 06:14:08.507,16.51919,16.52282,0.00,0.00
2012.04.10 06:14:09.147,16.51895,16.52258,0.00,0.00
2012.04.10 06:14:09.371,16.51883,16.52248,0.00,0.00
2012.04.10 06:14:09.739,16.51883,16.52218,0.00,0.00
2012.04.10 06:14:11.975,16.51847,16.52148,0.00,0.00
2012.04.10 06:14:12.164,16.51867,16.5223,0.00,0.00
2012.04.10 06:14:12.296,16.51856,16.5222,0.00,0.00
2012.04.10 06:14:13.564,16.51892,16.52256,0.00,0.00
2012.04.10 06:14:14.630,16.51874,16.52238,0.00,0.00
2012.04.10 06:14:14.973,16.51874,16.52218,0.00,0.00
2012.04.10 06:14:15.080,16.51857,16.5222,0.00,0.00
2012.04.10 06:14:16.995,16.51847,16.52148,0.00,0.00
2012.04.10 06:14:17.055,16.51817,16.5218,0.00,0.00
2012.04.10 06:14:19.256,16.51833,16.52196,0.00,0.00
2012.04.10 06:14:19.760,16.51816,16.52179,0.00,0.00
2012.04.10 06:14:22.450,16.51796,16.5216,0.00,0.00
2012.04.10 06:14:23.043,16.51812,16.52176,0.00,0.00
2012.04.10 06:14:23.575,16.51795,16.52158,0.00,0.00
2012.04.10 06:14:24.104,16.51812,16.52176,0.00,0.00
2012.04.10 06:14:25.700,16.51793,16.52156,0.00,0.00
2012.04.10 06:14:28.767,16.51793,16.52138,0.00,0.00
2012.04.10 06:14:29.719,16.51793,16.52148,0.00,0.00
2012.04.10 06:14:31.142,16.51811,16.52174,0.00,0.00
2012.04.10 06:14:31.310,16.51792,16.52156,0.00,0.00
2012.04.10 06:14:31.708,16.51809,16.52172,0.00,0.00
2012.04.10 06:14:31.834,16.51791,16.52154,0.00,0.00
2012.04.10 06:14:32.860,16.51808,16.52172,0.00,0.00
2012.04.10 06:14:33.386,16.51791,16.52154,0.00,0.00
2012.04.10 06:14:34.907,16.51807,16.52188,0.00,0.00
2012.04.10 06:14:38.400,16.51791,16.52154,0.00,0.00
2012.04.10 06:14:41.576,16.51791,16.52138,0.00,0.00
2012.04.10 06:14:43.008,16.51772,16.52138,0.00,0.00
2012.04.10 06:14:45.783,16.51748,16.52048,0.00,0.00
2012.04.10 06:14:45.847,16.51758,16.52122,0.00,0.00
2012.04.10 06:14:46.507,16.51774,16.52137,0.00,0.00
2012.04.10 06:14:47.084,16.51798,16.52161,0.00,0.00
2012.04.10 06:14:47.210,16.51803,16.52148,0.00,0.00
2012.04.10 06:14:47.578,16.51821,16.52184,0.00,0.00
2012.04.10 06:14:48.237,16.51804,16.52167,0.00,0.00
2012.04.10 06:14:48.447,16.51785,16.52148,0.00,0.00
2012.04.10 06:14:49.328,16.51802,16.52166,0.00,0.00
2012.04.10 06:14:51.855,16.51786,16.5215,0.00,0.00
2012.04.10 06:14:53.885,16.51805,16.52168,0.00,0.00
2012.04.10 06:14:55.249,16.51805,16.52128,0.00,0.00
2012.04.10 06:14:55.315,16.51784,16.52147,0.00,0.00
2012.04.10 06:14:55.895,16.51804,16.52168,0.00,0.00
2012.04.10 06:14:56.017,16.51804,16.52148,0.00,0.00
2012.04.10 06:14:56.271,16.51825,16.52188,0.00,0.00
2012.04.10 06:15:00.324,16.51809,16.52172,0.00,0.00
2012.04.10 06:15:04.842,16.51825,16.52188,0.00,0.00
2012.04.10 06:15:05.387,16.51807,16.5217,0.00,0.00
2012.04.10 06:15:05.816,16.51789,16.52152,0.00,0.00
2012.04.10 06:15:05.983,16.51808,16.52178,0.00,0.00
2012.04.10 06:15:07.072,16.5179,16.52154,0.00,0.00
2012.04.10 06:15:09.131,16.51809,16.52172,0.00,0.00
2012.04.10 06:15:09.583,16.5183,16.52148,0.00,0.00
2012.04.10 06:15:09.647,16.5183,16.52234,0.00,0.00
2012.04.10 06:15:10.020,16.51926,16.52289,0.00,0.00
2012.04.10 06:15:10.789,16.51915,16.52278,0.00,0.00
2012.04.10 06:15:11.280,16.51896,16.5226,0.00,0.00
2012.04.10 06:15:11.451,16.51912,16.52276,0.00,0.00
2012.04.10 06:15:12.376,16.51891,16.52254,0.00,0.00
2012.04.10 06:15:13.491,16.51847,16.52148,0.00,0.00
2012.04.10 06:15:13.717,16.51876,16.52239,0.00,0.00
2012.04.10 06:15:15.518,16.51885,16.52248,0.00,0.00
2012.04.10 06:15:16.939,16.51885,16.52248,0.00,0.00
2012.04.10 06:15:18.197,16.51885,16.52228,0.00,0.00
2012.04.10 06:15:18.751,16.51891,16.52254,0.00,0.00
2012.04.10 06:15:20.821,16.51873,16.52236,0.00,0.00
2012.04.10 06:15:20.894,16.51882,16.52245,0.00,0.00
2012.04.10 06:15:23.552,16.51848,16.52148,0.00,0.00
2012.04.10 06:15:23.773,16.51859,16.52222,0.00,0.00
2012.04.10 06:15:24.370,16.51849,16.52212,0.00,0.00
2012.04.10 06:15:24.520,16.51823,16.52186,0.00,0.00
2012.04.10 06:15:26.573,16.51841,16.52205,0.00,0.00
2012.04.10 06:15:27.600,16.51813,16.52176,0.00,0.00
2012.04.10 06:15:30.144,16.51813,16.52208,0.00,0.00
2012.04.10 06:15:30.204,16.51824,16.52208,0.00,0.00
2012.04.10 06:15:30.340,16.51842,16.52208,0.00,0.00
2012.04.10 06:15:30.646,16.51834,16.52208,0.00,0.00
2012.04.10 06:15:30.756,16.51851,16.52214,0.00,0.00
2012.04.10 06:15:34.445,16.51823,16.52208,0.00,0.00
2012.04.10 06:15:34.885,16.51844,16.52208,0.00,0.00
2012.04.10 06:15:35.035,16.51827,16.52208,0.00,0.00
2012.04.10 06:15:35.241,16.51844,16.52208,0.00,0.00
2012.04.10 06:15:35.625,16.51827,16.52208,0.00,0.00
2012.04.10 06:15:35.835,16.51827,16.52148,0.00,0.00
2012.04.10 06:15:36.648,16.51811,16.52174,0.00,0.00
2012.04.10 06:15:37.747,16.51793,16.52156,0.00,0.00
2012.04.10 06:15:38.502,16.51747,16.52048,0.00,0.00
2012.04.10 06:15:38.570,16.51763,16.52126,0.00,0.00
2012.04.10 06:15:38.696,16.51763,16.52148,0.00,0.00
2012.04.10 06:15:39.215,16.51828,16.52198,0.00,0.00
2012.04.10 06:15:39.706,16.51844,16.52208,0.00,0.00
2012.04.10 06:15:40.653,16.51832,16.52198,0.00,0.00
2012.04.10 06:15:41.042,16.51748,16.52048,0.00,0.00
2012.04.10 06:15:41.843,16.51758,16.52121,0.00,0.00
2012.04.10 06:15:41.971,16.51786,16.52149,0.00,0.00
2012.04.10 06:15:42.097,16.51786,16.52148,0.00,0.00
2012.04.10 06:15:42.155,16.51795,16.52158,0.00,0.00
2012.04.10 06:15:47.608,16.51775,16.52148,0.00,0.00
2012.04.10 06:15:50.350,16.51747,16.52048,0.00,0.00
2012.04.10 06:15:50.415,16.51767,16.5213,0.00,0.00
2012.04.10 06:15:50.592,16.51745,16.52108,0.00,0.00
2012.04.10 06:15:51.519,16.51727,16.5209,0.00,0.00
2012.04.10 06:15:52.829,16.51745,16.52108,0.00,0.00
2012.04.10 06:15:53.400,16.51753,16.52116,0.00,0.00
2012.04.10 06:15:53.925,16.5177,16.52134,0.00,0.00
2012.04.10 06:15:56.368,16.51714,16.52077,0.00,0.00
2012.04.10 06:15:56.435,16.51734,16.52097,0.00,0.00
2012.04.10 06:15:56.618,16.51734,16.52137,0.00,0.00
2012.04.10 06:15:56.797,16.5175,16.52148,0.00,0.00
2012.04.10 06:15:58.024,16.51728,16.52139,0.00,0.00
2012.04.10 06:15:58.789,16.5175,16.52148,0.00,0.00
2012.04.10 06:15:59.245,16.51771,16.52182,0.00,0.00
2012.04.10 06:16:00.533,16.51789,16.52192,0.00,0.00
2012.04.10 06:16:00.644,16.51797,16.52208,0.00,0.00
2012.04.10 06:16:01.888,16.51784,16.52148,0.00,0.00
2012.04.10 06:16:01.950,16.51752,16.52148,0.00,0.00
2012.04.10 06:16:02.801,16.51773,16.52148,0.00,0.00
2012.04.10 06:16:04.009,16.51789,16.52192,0.00,0.00
2012.04.10 06:16:04.227,16.51766,16.52148,0.00,0.00
2012.04.10 06:16:05.707,16.51791,16.52154,0.00,0.00
2012.04.10 06:16:05.941,16.51771,16.52148,0.00,0.00
2012.04.10 06:16:08.720,16.51744,16.52148,0.00,0.00
2012.04.10 06:16:09.517,16.5176,16.52148,0.00,0.00
2012.04.10 06:16:10.221,16.51742,16.52148,0.00,0.00
2012.04.10 06:16:11.814,16.51742,16.52048,0.00,0.00
2012.04.10 06:16:11.948,16.5172,16.52083,0.00,0.00
2012.04.10 06:16:12.111,16.51697,16.5206,0.00,0.00
2012.04.10 06:16:14.943,16.517,16.52064,0.00,0.00
2012.04.10 06:16:15.137,16.51682,16.52048,0.00,0.00
2012.04.10 06:16:15.725,16.51708,16.52072,0.00,0.00
2012.04.10 06:16:17.471,16.51729,16.52092,0.00,0.00
2012.04.10 06:16:17.928,16.51744,16.52107,0.00,0.00
2012.04.10 06:16:18.687,16.51727,16.5209,0.00,0.00
2012.04.10 06:16:19.516,16.51704,16.52067,0.00,0.00
2012.04.10 06:16:19.885,16.51691,16.52054,0.00,0.00
2012.04.10 06:16:20.151,16.51669,16.52048,0.00,0.00
2012.04.10 06:16:21.829,16.51688,16.52052,0.00,0.00
2012.04.10 06:16:22.378,16.51667,16.52048,0.00,0.00
2012.04.10 06:16:25.166,16.51704,16.52067,0.00,0.00
2012.04.10 06:16:25.619,16.51722,16.52085,0.00,0.00
2012.04.10 06:16:27.058,16.51643,16.52048,0.00,0.00
2012.04.10 06:16:27.322,16.51569,16.5201,0.00,0.00
2012.04.10 06:16:31.606,16.51587,16.52028,0.00,0.00
2012.04.10 06:16:33.228,16.51605,16.52046,0.00,0.00
2012.04.10 06:16:34.074,16.51582,16.52023,0.00,0.00
2012.04.10 06:16:35.236,16.51563,16.52004,0.00,0.00
2012.04.10 06:16:35.567,16.51674,16.52048,0.00,0.00
2012.04.10 06:16:41.247,16.51654,16.52048,0.00,0.00
2012.04.10 06:16:45.764,16.517,16.52079,0.00,0.00
2012.04.10 06:16:45.935,16.5172,16.52148,0.00,0.00
2012.04.10 06:16:46.541,16.51756,16.52148,0.00,0.00
2012.04.10 06:16:47.042,16.51737,16.52148,0.00,0.00
2012.04.10 06:16:47.529,16.51718,16.52148,0.00,0.00
2012.04.10 06:16:47.877,16.51699,16.5214,0.00,0.00
2012.04.10 06:16:50.687,16.5167,16.52111,0.00,0.00
2012.04.10 06:16:51.067,16.51636,16.52077,0.00,0.00
2012.04.10 06:16:52.434,16.51724,16.52138,0.00,0.00
2012.04.10 06:16:52.776,16.51728,16.52148,0.00,0.00
2012.04.10 06:16:53.412,16.5169,16.52048,0.00,0.00
2012.04.10 06:16:54.755,16.51711,16.5209,0.00,0.00
2012.04.10 06:16:58.661,16.51692,16.52071,0.00,0.00
2012.04.10 06:17:01.047,16.5167,16.52048,0.00,0.00
2012.04.10 06:17:01.237,16.51634,16.52048,0.00,0.00
2012.04.10 06:17:02.948,16.51662,16.52048,0.00,0.00
2012.04.10 06:17:03.438,16.51681,16.52048,0.00,0.00
2012.04.10 06:17:06.049,16.51662,16.52048,0.00,0.00
2012.04.10 06:17:06.126,16.51644,16.52048,0.00,0.00
2012.04.10 06:17:10.485,16.51681,16.52048,0.00,0.00
2012.04.10 06:17:15.465,16.51704,16.52083,0.00,0.00
2012.04.10 06:17:16.165,16.51648,16.51948,0.00,0.00
2012.04.10 06:17:16.224,16.51648,16.52027,0.00,0.00
2012.04.10 06:17:16.284,16.51648,16.52048,0.00,0.00
2012.04.10 06:17:16.963,16.51734,16.52148,0.00,0.00
2012.04.10 06:17:17.774,16.51758,16.52148,0.00,0.00
2012.04.10 06:17:18.258,16.51741,16.52148,0.00,0.00
2012.04.10 06:17:19.508,16.51725,16.52148,0.00,0.00
2012.04.10 06:17:21.005,16.51746,16.52148,0.00,0.00
2012.04.10 06:17:21.637,16.51726,16.52148,0.00,0.00
2012.04.10 06:17:23.944,16.51747,16.52148,0.00,0.00
2012.04.10 06:17:24.358,16.51793,16.52228,0.00,0.00
2012.04.10 06:17:24.688,16.51774,16.52208,0.00,0.00
2012.04.10 06:17:25.168,16.51774,16.52148,0.00,0.00
2012.04.10 06:17:25.249,16.51754,16.52148,0.00,0.00
2012.04.10 06:17:26.092,16.51736,16.52148,0.00,0.00
2012.04.10 06:17:27.590,16.51736,16.52048,0.00,0.00
2012.04.10 06:17:27.655,16.51695,16.52074,0.00,0.00
2012.04.10 06:17:27.870,16.51679,16.52048,0.00,0.00
2012.04.10 06:17:28.055,16.51661,16.52048,0.00,0.00
2012.04.10 06:17:30.849,16.51682,16.52048,0.00,0.00
2012.04.10 06:17:33.896,16.51666,16.52048,0.00,0.00
2012.04.10 06:17:36.345,16.51643,16.52048,0.00,0.00
2012.04.10 06:17:37.118,16.51643,16.52008,0.00,0.00
2012.04.10 06:17:38.547,16.51664,16.52038,0.00,0.00
2012.04.10 06:17:38.611,16.51664,16.52038,0.00,0.00
2012.04.10 06:17:39.317,16.51687,16.5205,0.00,0.00
2012.04.10 06:17:39.610,16.51687,16.52048,0.00,0.00
2012.04.10 06:17:40.858,16.51669,16.52048,0.00,0.00
2012.04.10 06:17:41.460,16.51728,16.52148,0.00,0.00
2012.04.10 06:17:41.786,16.5175,16.52148,0.00,0.00
2012.04.10 06:17:42.538,16.51733,16.52148,0.00,0.00
2012.04.10 06:17:43.396,16.51716,16.52148,0.00,0.00
2012.04.10 06:17:44.145,16.51735,16.52148,0.00,0.00
2012.04.10 06:17:45.946,16.51751,16.52148,0.00,0.00
2012.04.10 06:17:47.222,16.51767,16.52148,0.00,0.00
2012.04.10 06:17:47.676,16.51792,16.52208,0.00,0.00
2012.04.10 06:17:51.252,16.51771,16.52208,0.00,0.00
2012.04.10 06:17:52.754,16.51795,16.52208,0.00,0.00
2012.04.10 06:17:54.176,16.51811,16.52238,0.00,0.00
2012.04.10 06:17:54.489,16.51829,16.52238,0.00,0.00
2012.04.10 06:17:56.340,16.5181,16.52238,0.00,0.00
2012.04.10 06:17:57.109,16.51813,16.52238,0.00,0.00
2012.04.10 06:17:57.919,16.51839,16.52248,0.00,0.00
2012.04.10 06:17:58.988,16.51823,16.52248,0.00,0.00
2012.04.10 06:18:03.417,16.51849,16.52248,0.00,0.00
2012.04.10 06:18:04.141,16.51875,16.52248,0.00,0.00
2012.04.10 06:18:04.528,16.51846,16.52248,0.00,0.00
2012.04.10 06:18:05.047,16.5183,16.52248,0.00,0.00
2012.04.10 06:18:05.567,16.51853,16.52248,0.00,0.00
2012.04.10 06:18:06.212,16.51869,16.52248,0.00,0.00
2012.04.10 06:18:06.738,16.51869,16.52238,0.00,0.00
2012.04.10 06:18:07.385,16.51832,16.52238,0.00,0.00
2012.04.10 06:18:08.438,16.51814,16.52238,0.00,0.00
2012.04.10 06:18:09.539,16.51869,16.52238,0.00,0.00
2012.04.10 06:18:09.605,16.51869,16.52248,0.00,0.00
2012.04.10 06:18:10.086,16.51887,16.52258,0.00,0.00
2012.04.10 06:18:10.678,16.51868,16.52248,0.00,0.00
2012.04.10 06:18:13.121,16.51889,16.52258,0.00,0.00
2012.04.10 06:18:14.621,16.51866,16.52248,0.00,0.00
2012.04.10 06:18:18.498,16.51886,16.52265,0.00,0.00
2012.04.10 06:18:20.005,16.51904,16.52283,0.00,0.00
2012.04.10 06:18:21.295,16.51886,16.52265,0.00,0.00
2012.04.10 06:18:22.072,16.51907,16.52286,0.00,0.00
2012.04.10 06:18:22.731,16.51907,16.52228,0.00,0.00
2012.04.10 06:18:22.795,16.51859,16.52228,0.00,0.00
2012.04.10 06:18:22.980,16.51825,16.52228,0.00,0.00
2012.04.10 06:18:23.577,16.51808,16.52208,0.00,0.00
2012.04.10 06:18:24.882,16.51808,16.52148,0.00,0.00
2012.04.10 06:18:24.945,16.51789,16.52148,0.00,0.00
2012.04.10 06:18:25.530,16.51809,16.52188,0.00,0.00
2012.04.10 06:18:27.056,16.51825,16.52204,0.00,0.00
2012.04.10 06:18:28.036,16.51803,16.52182,0.00,0.00
2012.04.10 06:18:29.558,16.51782,16.52148,0.00,0.00
2012.04.10 06:18:30.786,16.51801,16.5218,0.00,0.00
2012.04.10 06:18:31.185,16.51783,16.52148,0.00,0.00
2012.04.10 06:18:33.042,16.5176,16.52148,0.00,0.00
2012.04.10 06:18:37.076,16.51777,16.52148,0.00,0.00
2012.04.10 06:18:38.000,16.51758,16.52148,0.00,0.00
2012.04.10 06:18:41.395,16.51781,16.52148,0.00,0.00
2012.04.10 06:18:43.217,16.51819,16.52198,0.00,0.00
2012.04.10 06:18:46.056,16.51801,16.5218,0.00,0.00
2012.04.10 06:18:47.089,16.51801,16.52238,0.00,0.00
2012.04.10 06:18:47.321,16.51818,16.52238,0.00,0.00
2012.04.10 06:18:48.013,16.51801,16.52208,0.00,0.00
2012.04.10 06:18:49.876,16.51825,16.52238,0.00,0.00
2012.04.10 06:18:50.265,16.5185,16.52248,0.00,0.00
2012.04.10 06:18:50.621,16.51831,16.52248,0.00,0.00
2012.04.10 06:18:52.107,16.51807,16.52228,0.00,0.00
2012.04.10 06:18:52.465,16.51787,16.52228,0.00,0.00
2012.04.10 06:18:53.230,16.51807,16.52248,0.00,0.00
2012.04.10 06:18:53.917,16.51867,16.52248,0.00,0.00
2012.04.10 06:18:55.146,16.51847,16.52248,0.00,0.00
2012.04.10 06:18:56.838,16.51827,16.52248,0.00,0.00
2012.04.10 06:18:57.149,16.51803,16.52218,0.00,0.00
2012.04.10 06:18:58.450,16.51786,16.52165,0.00,0.00
2012.04.10 06:19:01.259,16.51766,16.52148,0.00,0.00
2012.04.10 06:19:04.986,16.51742,16.52148,0.00,0.00
2012.04.10 06:19:05.392,16.51663,16.52048,0.00,0.00
2012.04.10 06:19:05.703,16.51647,16.51948,0.00,0.00
2012.04.10 06:19:05.769,16.51642,16.51948,0.00,0.00
2012.04.10 06:19:05.849,16.51622,16.52001,0.00,0.00
2012.04.10 06:19:07.892,16.51641,16.5202,0.00,0.00
2012.04.10 06:19:08.830,16.51661,16.52025,0.00,0.00
2012.04.10 06:19:09.264,16.5168,16.52043,0.00,0.00
2012.04.10 06:19:11.075,16.51699,16.52062,0.00,0.00
2012.04.10 06:19:19.450,16.51681,16.52044,0.00,0.00
2012.04.10 06:19:19.867,16.51698,16.52061,0.00,0.00
2012.04.10 06:19:19.925,16.51698,16.52048,0.00,0.00
2012.04.10 06:19:20.070,16.51791,16.52155,0.00,0.00
2012.04.10 06:19:20.262,16.51774,16.52137,0.00,0.00
2012.04.10 06:19:20.523,16.5179,16.52154,0.00,0.00
2012.04.10 06:19:21.102,16.5179,16.52128,0.00,0.00
2012.04.10 06:19:21.493,16.51751,16.52128,0.00,0.00
2012.04.10 06:19:22.163,16.51747,16.52048,0.00,0.00
2012.04.10 06:19:22.897,16.517,16.52078,0.00,0.00
2012.04.10 06:19:26.198,16.51684,16.52048,0.00,0.00
2012.04.10 06:19:26.638,16.51675,16.52048,0.00,0.00
2012.04.10 06:19:26.958,16.51686,16.5205,0.00,0.00
2012.04.10 06:19:27.346,16.51675,16.52048,0.00,0.00
2012.04.10 06:19:33.657,16.51659,16.52048,0.00,0.00
2012.04.10 06:19:35.296,16.51548,16.51848,0.00,0.00
2012.04.10 06:19:35.358,16.5164,16.52003,0.00,0.00
2012.04.10 06:19:35.590,16.51519,16.51882,0.00,0.00
2012.04.10 06:19:37.941,16.51519,16.5193,0.00,0.00
2012.04.10 06:19:38.036,16.51542,16.51945,0.00,0.00
2012.04.10 06:19:39.435,16.51525,16.51936,0.00,0.00
2012.04.10 06:19:40.396,16.51542,16.51946,0.00,0.00
2012.04.10 06:19:40.645,16.51526,16.51937,0.00,0.00
2012.04.10 06:19:45.528,16.51641,16.52048,0.00,0.00
2012.04.10 06:19:46.214,16.51641,16.51948,0.00,0.00
2012.04.10 06:19:46.304,16.51625,16.51988,0.00,0.00
2012.04.10 06:19:46.369,16.515,16.51911,0.00,0.00
2012.04.10 06:19:46.611,16.51516,16.5192,0.00,0.00
2012.04.10 06:19:47.043,16.51564,16.51948,0.00,0.00
2012.04.10 06:19:47.463,16.51548,16.51848,0.00,0.00
2012.04.10 06:19:47.586,16.51504,16.51868,0.00,0.00
2012.04.10 06:19:48.229,16.51526,16.51889,0.00,0.00
2012.04.10 06:19:48.406,16.51526,16.51929,0.00,0.00
2012.04.10 06:19:49.333,16.51548,16.51948,0.00,0.00
2012.04.10 06:19:49.667,16.51631,16.51994,0.00,0.00
2012.04.10 06:19:50.128,16.51652,16.52015,0.00,0.00
2012.04.10 06:19:50.523,16.51627,16.5199,0.00,0.00
2012.04.10 06:19:50.795,16.51655,16.52018,0.00,0.00
2012.04.10 06:19:52.302,16.51655,16.52048,0.00,0.00
2012.04.10 06:19:52.371,16.51634,16.52045,0.00,0.00
2012.04.10 06:19:52.705,16.51717,16.52048,0.00,0.00
2012.04.10 06:19:52.939,16.51717,16.52128,0.00,0.00
2012.04.10 06:19:53.007,16.51743,16.52148,0.00,0.00
2012.04.10 06:19:53.330,16.51763,16.52148,0.00,0.00
2012.04.10 06:19:53.395,16.51744,16.52148,0.00,0.00
2012.04.10 06:19:54.514,16.51765,16.52148,0.00,0.00
2012.04.10 06:19:56.301,16.51747,16.52048,0.00,0.00
2012.04.10 06:19:56.369,16.51748,16.52111,0.00,0.00
2012.04.10 06:19:57.122,16.51732,16.52096,0.00,0.00
2012.04.10 06:19:58.240,16.51714,16.52077,0.00,0.00
2012.04.10 06:19:58.464,16.51735,16.52098,0.00,0.00
2012.04.10 06:19:58.690,16.51714,16.52077,0.00,0.00
2012.04.10 06:19:59.035,16.51686,16.5205,0.00,0.00
2012.04.10 06:19:59.341,16.51705,16.52068,0.00,0.00
2012.04.10 06:20:00.380,16.51732,16.52095,0.00,0.00
2012.04.10 06:20:00.447,16.5171,16.52073,0.00,0.00
2012.04.10 06:20:01.739,16.51684,16.52048,0.00,0.00
2012.04.10 06:20:01.977,16.51648,16.51948,0.00,0.00
2012.04.10 06:20:02.037,16.51655,16.52018,0.00,0.00
2012.04.10 06:20:03.171,16.51673,16.52037,0.00,0.00
2012.04.10 06:20:05.531,16.51673,16.52048,0.00,0.00
2012.04.10 06:20:05.608,16.51704,16.52068,0.00,0.00
2012.04.10 06:20:06.028,16.51727,16.52048,0.00,0.00
2012.04.10 06:20:06.462,16.51744,16.52107,0.00,0.00
2012.04.10 06:20:06.525,16.51726,16.52089,0.00,0.00
2012.04.10 06:20:06.861,16.51744,16.52108,0.00,0.00
2012.04.10 06:20:09.435,16.51744,16.52148,0.00,0.00
2012.04.10 06:20:09.496,16.5177,16.52181,0.00,0.00
2012.04.10 06:20:09.657,16.5186,16.52248,0.00,0.00
2012.04.10 06:20:09.936,16.51832,16.52236,0.00,0.00
2012.04.10 06:20:11.799,16.51844,16.52248,0.00,0.00
2012.04.10 06:20:17.706,16.51861,16.52248,0.00,0.00
2012.04.10 06:20:18.104,16.51878,16.52248,0.00,0.00
2012.04.10 06:20:18.436,16.51923,16.52286,0.00,0.00
2012.04.10 06:20:19.119,16.51907,16.5227,0.00,0.00
2012.04.10 06:20:21.123,16.51907,16.52318,0.00,0.00
2012.04.10 06:20:21.206,16.51935,16.52346,0.00,0.00
2012.04.10 06:20:21.535,16.51935,16.52248,0.00,0.00
2012.04.10 06:20:22.398,16.51901,16.52264,0.00,0.00
2012.04.10 06:20:22.753,16.51898,16.52262,0.00,0.00
2012.04.10 06:20:23.448,16.51881,16.52248,0.00,0.00
2012.04.10 06:20:23.671,16.51895,16.52258,0.00,0.00
2012.04.10 06:20:23.885,16.51959,16.52322,0.00,0.00
2012.04.10 06:20:23.981,16.51959,16.52348,0.00,0.00
2012.04.10 06:20:24.561,16.51977,16.52348,0.00,0.00
2012.04.10 06:20:24.633,16.51997,16.5236,0.00,0.00
2012.04.10 06:20:24.846,16.51947,16.52348,0.00,0.00
2012.04.10 06:20:25.050,16.51929,16.5234,0.00,0.00
2012.04.10 06:20:25.503,16.51951,16.52348,0.00,0.00
2012.04.10 06:20:26.877,16.51974,16.52348,0.00,0.00
2012.04.10 06:20:27.201,16.51764,16.52113,0.00,0.00
2012.04.10 06:20:27.381,16.52009,16.52372,0.00,0.00
2012.04.10 06:20:28.414,16.51953,16.52348,0.00,0.00
2012.04.10 06:20:29.120,16.51913,16.52324,0.00,0.00
2012.04.10 06:20:29.422,16.51913,16.52248,0.00,0.00
2012.04.10 06:20:30.601,16.51913,16.52324,0.00,0.00
2012.04.10 06:20:30.770,16.51913,16.52248,0.00,0.00
2012.04.10 06:20:31.159,16.51896,16.5226,0.00,0.00
2012.04.10 06:20:31.871,16.51917,16.5228,0.00,0.00
2012.04.10 06:20:32.311,16.51961,16.52325,0.00,0.00
2012.04.10 06:20:33.406,16.51937,16.523,0.00,0.00
2012.04.10 06:20:36.186,16.51956,16.52319,0.00,0.00
2012.04.10 06:20:36.375,16.51956,16.52348,0.00,0.00
2012.04.10 06:20:36.437,16.51986,16.5235,0.00,0.00
2012.04.10 06:20:36.622,16.52004,16.52367,0.00,0.00
2012.04.10 06:20:37.423,16.51804,16.52153,0.00,0.00
2012.04.10 06:20:37.903,16.52019,16.52382,0.00,0.00
2012.04.10 06:20:38.650,16.52019,16.5243,0.00,0.00
2012.04.10 06:20:38.716,16.52035,16.52438,0.00,0.00
2012.04.10 06:20:38.890,16.52187,16.52598,0.00,0.00
2012.04.10 06:20:39.255,16.52175,16.52538,0.00,0.00
2012.04.10 06:20:40.480,16.52155,16.52518,0.00,0.00
2012.04.10 06:20:40.701,16.52134,16.52498,0.00,0.00
2012.04.10 06:20:40.923,16.5186,16.52209,0.00,0.00
2012.04.10 06:20:41.088,16.51922,16.52223,0.00,0.00
2012.04.10 06:20:41.146,16.52136,16.52499,0.00,0.00
2012.04.10 06:20:41.351,16.51816,16.52165,0.00,0.00
2012.04.10 06:20:41.628,16.52093,16.52457,0.00,0.00
2012.04.10 06:20:42.131,16.52116,16.52479,0.00,0.00
2012.04.10 06:20:43.169,16.52097,16.5246,0.00,0.00
2012.04.10 06:20:43.884,16.52097,16.52448,0.00,0.00
2012.04.10 06:20:44.380,16.52153,16.52517,0.00,0.00
2012.04.10 06:20:44.451,16.52125,16.52488,0.00,0.00
2012.04.10 06:20:44.519,16.52047,16.52348,0.00,0.00
2012.04.10 06:20:44.649,16.52042,16.52405,0.00,0.00
2012.04.10 06:20:45.392,16.52026,16.52389,0.00,0.00
2012.04.10 06:20:45.821,16.52005,16.52368,0.00,0.00
2012.04.10 06:20:46.249,16.52013,16.52376,0.00,0.00
2012.04.10 06:20:48.817,16.51947,16.52248,0.00,0.00
2012.04.10 06:20:48.895,16.51995,16.52358,0.00,0.00
2012.04.10 06:20:49.101,16.51978,16.52341,0.00,0.00
2012.04.10 06:20:50.509,16.51978,16.52348,0.00,0.00
2012.04.10 06:20:50.615,16.52006,16.5237,0.00,0.00
2012.04.10 06:20:50.918,16.52027,16.5239,0.00,0.00
2012.04.10 06:20:52.091,16.52001,16.52364,0.00,0.00
2012.04.10 06:20:53.737,16.51947,16.52248,0.00,0.00
2012.04.10 06:20:53.827,16.51979,16.52342,0.00,0.00
2012.04.10 06:20:53.977,16.5196,16.52323,0.00,0.00
2012.04.10 06:20:54.307,16.51978,16.52341,0.00,0.00
2012.04.10 06:20:54.922,16.51978,16.52348,0.00,0.00
2012.04.10 06:20:55.405,16.52033,16.52396,0.00,0.00
2012.04.10 06:20:57.763,16.51844,16.52193,0.00,0.00
2012.04.10 06:20:57.919,16.52119,16.52482,0.00,0.00
2012.04.10 06:20:58.115,16.51849,16.52198,0.00,0.00
2012.04.10 06:20:58.310,16.52113,16.52477,0.00,0.00
2012.04.10 06:21:00.704,16.52097,16.5246,0.00,0.00
2012.04.10 06:21:03.129,16.5208,16.52443,0.00,0.00
2012.04.10 06:21:04.258,16.52061,16.52424,0.00,0.00
2012.04.10 06:21:05.242,16.52043,16.52407,0.00,0.00
2012.04.10 06:21:05.510,16.52023,16.52387,0.00,0.00
2012.04.10 06:21:05.601,16.51947,16.52248,0.00,0.00
2012.04.10 06:21:05.892,16.51999,16.52362,0.00,0.00
2012.04.10 06:21:06.484,16.51958,16.52321,0.00,0.00
2012.04.10 06:21:06.697,16.52018,16.52381,0.00,0.00
2012.04.10 06:21:07.794,16.52035,16.52398,0.00,0.00
2012.04.10 06:21:09.178,16.52017,16.5238,0.00,0.00
2012.04.10 06:21:10.353,16.52035,16.52398,0.00,0.00
2012.04.10 06:21:11.080,16.52035,16.52348,0.00,0.00
2012.04.10 06:21:11.742,16.52049,16.52412,0.00,0.00
2012.04.10 06:21:11.966,16.52023,16.52386,0.00,0.00
2012.04.10 06:21:12.026,16.51997,16.5236,0.00,0.00
2012.04.10 06:21:14.160,16.52017,16.5238,0.00,0.00
2012.04.10 06:21:15.978,16.52001,16.52364,0.00,0.00
2012.04.10 06:21:16.585,16.5198,16.52343,0.00,0.00
2012.04.10 06:21:16.825,16.52008,16.52371,0.00,0.00
2012.04.10 06:21:17.078,16.51988,16.52351,0.00,0.00
2012.04.10 06:21:17.222,16.52017,16.5238,0.00,0.00
2012.04.10 06:21:18.214,16.52029,16.52392,0.00,0.00
2012.04.10 06:21:18.563,16.51948,16.52248,0.00,0.00
2012.04.10 06:21:19.019,16.52072,16.52435,0.00,0.00
2012.04.10 06:21:19.085,16.52048,16.52348,0.00,0.00
2012.04.10 06:21:19.238,16.52093,16.52457,0.00,0.00
2012.04.10 06:21:19.495,16.52057,16.5242,0.00,0.00
2012.04.10 06:21:19.831,16.52075,16.52438,0.00,0.00
2012.04.10 06:21:20.009,16.52056,16.52419,0.00,0.00
2012.04.10 06:21:21.118,16.52074,16.52437,0.00,0.00
2012.04.10 06:21:22.146,16.52092,16.52455,0.00,0.00
2012.04.10 06:21:22.265,16.52072,16.52435,0.00,0.00
2012.04.10 06:21:23.379,16.52057,16.52421,0.00,0.00
2012.04.10 06:21:27.099,16.52022,16.52385,0.00,0.00
2012.04.10 06:21:27.419,16.52049,16.52413,0.00,0.00
2012.04.10 06:21:30.649,16.5203,16.52393,0.00,0.00
2012.04.10 06:21:32.725,16.5201,16.52373,0.00,0.00
2012.04.10 06:21:33.177,16.51991,16.52354,0.00,0.00
2012.04.10 06:21:33.239,16.51947,16.52248,0.00,0.00
2012.04.10 06:21:34.481,16.51998,16.52361,0.00,0.00
2012.04.10 06:21:34.761,16.52014,16.52348,0.00,0.00
2012.04.10 06:21:34.849,16.5203,16.52394,0.00,0.00
2012.04.10 06:21:35.068,16.52013,16.52376,0.00,0.00
2012.04.10 06:21:35.496,16.51989,16.52352,0.00,0.00
2012.04.10 06:21:35.615,16.52005,16.52368,0.00,0.00
2012.04.10 06:21:36.329,16.52023,16.52386,0.00,0.00
2012.04.10 06:21:36.688,16.52063,16.52426,0.00,0.00
2012.04.10 06:21:37.711,16.52044,16.52407,0.00,0.00
2012.04.10 06:21:38.051,16.5206,16.52424,0.00,0.00
2012.04.10 06:21:38.779,16.52042,16.52405,0.00,0.00
2012.04.10 06:21:39.111,16.52066,16.5243,0.00,0.00
2012.04.10 06:21:39.476,16.5205,16.52413,0.00,0.00
2012.04.10 06:21:39.697,16.52068,16.52431,0.00,0.00
2012.04.10 06:21:39.917,16.52051,16.52414,0.00,0.00
2012.04.10 06:21:40.518,16.52076,16.52439,0.00,0.00
2012.04.10 06:21:40.642,16.52036,16.52399,0.00,0.00
2012.04.10 06:21:40.840,16.52052,16.52416,0.00,0.00
2012.04.10 06:21:41.049,16.52021,16.52384,0.00,0.00
2012.04.10 06:21:41.279,16.51992,16.52356,0.00,0.00
2012.04.10 06:21:41.536,16.51976,16.52348,0.00,0.00
2012.04.10 06:21:41.839,16.51999,16.52362,0.00,0.00
2012.04.10 06:21:43.615,16.52018,16.52382,0.00,0.00
2012.04.10 06:21:44.028,16.52027,16.5239,0.00,0.00
2012.04.10 06:21:44.480,16.51948,16.52248,0.00,0.00
2012.04.10 06:21:45.069,16.52027,16.5239,0.00,0.00
2012.04.10 06:21:45.209,16.5204,16.52348,0.00,0.00
2012.04.10 06:21:46.447,16.52058,16.52422,0.00,0.00
2012.04.10 06:21:57.011,16.52037,16.524,0.00,0.00
2012.04.10 06:21:59.082,16.52057,16.5242,0.00,0.00
2012.04.10 06:22:00.276,16.51947,16.52248,0.00,0.00
2012.04.10 06:22:00.338,16.51994,16.52357,0.00,0.00
2012.04.10 06:22:00.786,16.51957,16.52321,0.00,0.00
2012.04.10 06:22:00.850,16.5194,16.52304,0.00,0.00
2012.04.10 06:22:01.081,16.51958,16.52321,0.00,0.00
2012.04.10 06:22:02.342,16.5193,16.52293,0.00,0.00
2012.04.10 06:22:02.452,16.51918,16.52218,0.00,0.00
2012.04.10 06:22:02.552,16.51911,16.52275,0.00,0.00
2012.04.10 06:22:03.539,16.5193,16.52293,0.00,0.00
2012.04.10 06:22:05.610,16.51914,16.52278,0.00,0.00
2012.04.10 06:22:07.459,16.51904,16.52268,0.00,0.00
2012.04.10 06:22:07.705,16.51886,16.5225,0.00,0.00
2012.04.10 06:22:07.768,16.51886,16.52188,0.00,0.00
2012.04.10 06:22:08.180,16.51857,16.5222,0.00,0.00
2012.04.10 06:22:08.664,16.51875,16.52238,0.00,0.00
2012.04.10 06:22:08.927,16.51858,16.52221,0.00,0.00
2012.04.10 06:22:09.763,16.51874,16.52237,0.00,0.00
2012.04.10 06:22:10.568,16.51857,16.5222,0.00,0.00
2012.04.10 06:22:11.186,16.51835,16.52198,0.00,0.00
2012.04.10 06:22:13.609,16.51827,16.52128,0.00,0.00
2012.04.10 06:22:13.957,16.51753,16.52116,0.00,0.00
2012.04.10 06:22:14.016,16.51769,16.52132,0.00,0.00
2012.04.10 06:22:14.476,16.51764,16.52127,0.00,0.00
2012.04.10 06:22:14.687,16.5178,16.52143,0.00,0.00
2012.04.10 06:22:16.055,16.5178,16.52088,0.00,0.00
2012.04.10 06:22:16.401,16.5178,16.52108,0.00,0.00
2012.04.10 06:22:16.728,16.51799,16.52162,0.00,0.00
2012.04.10 06:22:17.878,16.51825,16.52188,0.00,0.00
2012.04.10 06:22:18.779,16.51798,16.52161,0.00,0.00
2012.04.10 06:22:19.048,16.5183,16.52193,0.00,0.00
2012.04.10 06:22:19.105,16.5183,16.52148,0.00,0.00
2012.04.10 06:22:19.606,16.5184,16.52204,0.00,0.00
2012.04.10 06:22:21.414,16.51857,16.5222,0.00,0.00
2012.04.10 06:22:21.947,16.51873,16.52236,0.00,0.00
2012.04.10 06:22:22.740,16.51853,16.52216,0.00,0.00
2012.04.10 06:22:23.830,16.51871,16.52234,0.00,0.00
2012.04.10 06:22:25.349,16.51871,16.52198,0.00,0.00
2012.04.10 06:22:25.416,16.51892,16.52256,0.00,0.00
2012.04.10 06:22:25.802,16.51911,16.52274,0.00,0.00
2012.04.10 06:22:25.863,16.51911,16.52248,0.00,0.00
2012.04.10 06:22:25.925,16.51877,16.52178,0.00,0.00
2012.04.10 06:22:26.672,16.51884,16.52248,0.00,0.00
2012.04.10 06:22:27.044,16.51863,16.52227,0.00,0.00
2012.04.10 06:22:27.264,16.51892,16.52255,0.00,0.00
2012.04.10 06:22:27.953,16.51848,16.52148,0.00,0.00
2012.04.10 06:22:28.042,16.51862,16.52225,0.00,0.00
2012.04.10 06:22:28.291,16.51837,16.522,0.00,0.00
2012.04.10 06:22:28.897,16.51827,16.52128,0.00,0.00
2012.04.10 06:22:29.213,16.51748,16.52048,0.00,0.00
2012.04.10 06:22:29.430,16.51764,16.52127,0.00,0.00
2012.04.10 06:22:30.114,16.51764,16.52128,0.00,0.00
2012.04.10 06:22:30.299,16.51785,16.52148,0.00,0.00
2012.04.10 06:22:30.990,16.51827,16.52128,0.00,0.00
2012.04.10 06:22:31.070,16.51819,16.52182,0.00,0.00
2012.04.10 06:22:31.219,16.5184,16.52203,0.00,0.00
2012.04.10 06:22:33.967,16.51809,16.52172,0.00,0.00
2012.04.10 06:22:34.358,16.51807,16.52108,0.00,0.00
2012.04.10 06:22:34.461,16.51785,16.52148,0.00,0.00
2012.04.10 06:22:35.852,16.51804,16.52168,0.00,0.00
2012.04.10 06:22:36.387,16.51785,16.52148,0.00,0.00
2012.04.10 06:22:36.670,16.51806,16.52169,0.00,0.00
2012.04.10 06:22:37.439,16.51789,16.52152,0.00,0.00
2012.04.10 06:22:37.601,16.51805,16.52168,0.00,0.00
2012.04.10 06:22:38.676,16.51787,16.52151,0.00,0.00
2012.04.10 06:22:38.997,16.51747,16.52048,0.00,0.00
2012.04.10 06:22:39.638,16.51717,16.52018,0.00,0.00
2012.04.10 06:22:39.840,16.51747,16.52048,0.00,0.00
2012.04.10 06:22:39.991,16.51748,16.52112,0.00,0.00
2012.04.10 06:22:40.117,16.51757,16.52121,0.00,0.00
2012.04.10 06:22:42.341,16.51647,16.51948,0.00,0.00
2012.04.10 06:22:42.411,16.5174,16.52103,0.00,0.00
2012.04.10 06:22:42.520,16.51684,16.52047,0.00,0.00
2012.04.10 06:22:43.350,16.51666,16.52029,0.00,0.00
2012.04.10 06:22:43.582,16.51697,16.52061,0.00,0.00
2012.04.10 06:22:43.648,16.51697,16.52028,0.00,0.00
2012.04.10 06:22:44.187,16.51719,16.52082,0.00,0.00
2012.04.10 06:22:45.489,16.51719,16.52048,0.00,0.00
2012.04.10 06:22:47.476,16.51695,16.52058,0.00,0.00
2012.04.10 06:22:47.548,16.51647,16.51948,0.00,0.00
2012.04.10 06:22:47.675,16.51668,16.52032,0.00,0.00
2012.04.10 06:22:49.304,16.51634,16.51998,0.00,0.00
2012.04.10 06:22:50.811,16.51657,16.5202,0.00,0.00
2012.04.10 06:22:51.178,16.51647,16.51948,0.00,0.00
2012.04.10 06:22:51.240,16.51647,16.51948,0.00,0.00
2012.04.10 06:22:51.778,16.51648,16.51948,0.00,0.00
2012.04.10 06:22:53.359,16.5163,16.51993,0.00,0.00
2012.04.10 06:22:54.345,16.51548,16.51848,0.00,0.00
2012.04.10 06:22:54.870,16.51594,16.51958,0.00,0.00
2012.04.10 06:22:55.310,16.51602,16.51966,0.00,0.00
2012.04.10 06:22:55.380,16.51602,16.51948,0.00,0.00
2012.04.10 06:22:55.536,16.51618,16.51981,0.00,0.00
2012.04.10 06:22:55.999,16.51664,16.52028,0.00,0.00
2012.04.10 06:22:56.978,16.51608,16.51972,0.00,0.00
2012.04.10 06:22:57.186,16.51586,16.5195,0.00,0.00
2012.04.10 06:22:58.557,16.51599,16.51962,0.00,0.00
2012.04.10 06:23:00.058,16.51579,16.51948,0.00,0.00
2012.04.10 06:23:01.480,16.51559,16.51928,0.00,0.00
2012.04.10 06:23:01.804,16.51537,16.519,0.00,0.00
2012.04.10 06:23:02.118,16.51554,16.51918,0.00,0.00
2012.04.10 06:23:02.727,16.51534,16.51898,0.00,0.00
2012.04.10 06:23:04.028,16.51551,16.51914,0.00,0.00
2012.04.10 06:23:04.978,16.51534,16.51897,0.00,0.00
2012.04.10 06:23:07.412,16.51534,16.51838,0.00,0.00
2012.04.10 06:23:07.479,16.51517,16.5188,0.00,0.00
2012.04.10 06:23:07.552,16.51447,16.51748,0.00,0.00
2012.04.10 06:23:07.875,16.51427,16.51728,0.00,0.00
2012.04.10 06:23:07.940,16.51387,16.51751,0.00,0.00
2012.04.10 06:23:08.002,16.5144,16.51803,0.00,0.00
2012.04.10 06:23:08.649,16.51458,16.51821,0.00,0.00
2012.04.10 06:23:08.947,16.51508,16.51818,0.00,0.00
2012.04.10 06:23:10.057,16.51476,16.51839,0.00,0.00
2012.04.10 06:23:10.121,16.51448,16.51748,0.00,0.00
2012.04.10 06:23:10.479,16.51496,16.51859,0.00,0.00
2012.04.10 06:23:10.763,16.51504,16.51818,0.00,0.00
2012.04.10 06:23:12.139,16.51504,16.51848,0.00,0.00
2012.04.10 06:23:12.565,16.51483,16.51848,0.00,0.00
2012.04.10 06:23:12.722,16.51499,16.51862,0.00,0.00
2012.04.10 06:23:13.059,16.51516,16.51879,0.00,0.00
2012.04.10 06:23:13.821,16.51496,16.51859,0.00,0.00
2012.04.10 06:23:14.265,16.5148,16.51844,0.00,0.00
2012.04.10 06:23:14.329,16.51469,16.51832,0.00,0.00
2012.04.10 06:23:15.768,16.51482,16.51846,0.00,0.00
2012.04.10 06:23:16.266,16.5147,16.51834,0.00,0.00
2012.04.10 06:23:16.617,16.5145,16.51814,0.00,0.00
2012.04.10 06:23:18.987,16.51352,16.51748,0.00,0.00
2012.04.10 06:23:23.149,16.51343,16.51747,0.00,0.00
2012.04.10 06:23:25.815,16.51355,16.51748,0.00,0.00
2012.04.10 06:23:25.876,16.51374,16.51748,0.00,0.00
2012.04.10 06:23:27.748,16.51398,16.51809,0.00,0.00
2012.04.10 06:23:28.188,16.51408,16.51819,0.00,0.00
2012.04.10 06:23:28.938,16.51441,16.51848,0.00,0.00
2012.04.10 06:23:29.778,16.51469,16.51848,0.00,0.00
2012.04.10 06:23:30.198,16.51485,16.51848,0.00,0.00
2012.04.10 06:23:30.697,16.51442,16.51848,0.00,0.00
2012.04.10 06:23:35.157,16.51462,16.51848,0.00,0.00
2012.04.10 06:23:38.789,16.51446,16.51848,0.00,0.00
2012.04.10 06:23:40.528,16.51472,16.51848,0.00,0.00
2012.04.10 06:23:41.375,16.51448,16.51848,0.00,0.00
2012.04.10 06:23:41.706,16.51466,16.51848,0.00,0.00
2012.04.10 06:23:42.016,16.51444,16.51848,0.00,0.00
2012.04.10 06:23:45.016,16.51467,16.51848,0.00,0.00
2012.04.10 06:23:45.388,16.51496,16.51848,0.00,0.00
2012.04.10 06:23:46.097,16.51476,16.51887,0.00,0.00
2012.04.10 06:23:46.612,16.51517,16.51928,0.00,0.00
2012.04.10 06:23:47.132,16.51518,16.51908,0.00,0.00
2012.04.10 06:23:47.674,16.51535,16.51908,0.00,0.00
2012.04.10 06:23:48.544,16.51508,16.51908,0.00,0.00
2012.04.10 06:23:49.167,16.51508,16.51848,0.00,0.00
2012.04.10 06:23:49.372,16.51492,16.51856,0.00,0.00
2012.04.10 06:23:49.525,16.51461,16.51848,0.00,0.00
2012.04.10 06:23:49.846,16.5148,16.51848,0.00,0.00
2012.04.10 06:23:51.010,16.51447,16.51748,0.00,0.00
2012.04.10 06:23:51.429,16.51392,16.51756,0.00,0.00
2012.04.10 06:23:52.216,16.51404,16.51767,0.00,0.00
2012.04.10 06:23:53.540,16.51391,16.51754,0.00,0.00
2012.04.10 06:23:55.070,16.51406,16.51769,0.00,0.00
2012.04.10 06:23:55.444,16.51423,16.51787,0.00,0.00
2012.04.10 06:23:55.861,16.51407,16.5177,0.00,0.00
2012.04.10 06:23:55.927,16.5139,16.51754,0.00,0.00
2012.04.10 06:23:57.008,16.51347,16.51748,0.00,0.00
2012.04.10 06:23:57.331,16.51384,16.51738,0.00,0.00
2012.04.10 06:24:01.284,16.51384,16.51708,0.00,0.00
2012.04.10 06:24:01.550,16.51339,16.51708,0.00,0.00
2012.04.10 06:24:05.168,16.51339,16.51648,0.00,0.00
2012.04.10 06:24:05.488,16.51331,16.51694,0.00,0.00
2012.04.10 06:24:08.288,16.51312,16.51675,0.00,0.00
2012.04.10 06:24:08.351,16.51293,16.51656,0.00,0.00
2012.04.10 06:24:09.011,16.51271,16.51648,0.00,0.00
2012.04.10 06:24:09.232,16.5129,16.51653,0.00,0.00
2012.04.10 06:24:09.549,16.51272,16.51636,0.00,0.00
2012.04.10 06:24:09.978,16.51288,16.51651,0.00,0.00
2012.04.10 06:24:10.978,16.51288,16.51618,0.00,0.00
2012.04.10 06:24:11.498,16.51296,16.51659,0.00,0.00
2012.04.10 06:24:11.943,16.51312,16.51675,0.00,0.00
2012.04.10 06:24:13.253,16.51312,16.51648,0.00,0.00
2012.04.10 06:24:14.763,16.51312,16.51716,0.00,0.00
2012.04.10 06:24:15.037,16.51388,16.51751,0.00,0.00
2012.04.10 06:24:15.101,16.51357,16.51728,0.00,0.00
2012.04.10 06:24:15.749,16.51347,16.51648,0.00,0.00
2012.04.10 06:24:15.830,16.51347,16.51711,0.00,0.00
2012.04.10 06:24:16.042,16.51307,16.5167,0.00,0.00
2012.04.10 06:24:17.132,16.51324,16.51687,0.00,0.00
2012.04.10 06:24:17.197,16.51307,16.5167,0.00,0.00
2012.04.10 06:24:17.810,16.51324,16.51687,0.00,0.00
2012.04.10 06:24:19.273,16.51338,16.51702,0.00,0.00
2012.04.10 06:24:21.235,16.51299,16.51662,0.00,0.00
2012.04.10 06:24:21.469,16.51279,16.51648,0.00,0.00
2012.04.10 06:24:21.955,16.51297,16.5166,0.00,0.00
2012.04.10 06:24:22.618,16.51279,16.51648,0.00,0.00
2012.04.10 06:24:22.734,16.51301,16.51664,0.00,0.00
2012.04.10 06:24:23.299,16.51319,16.51682,0.00,0.00
2012.04.10 06:24:23.661,16.51351,16.51714,0.00,0.00
2012.04.10 06:24:24.784,16.51362,16.51725,0.00,0.00
2012.04.10 06:24:24.853,16.51362,16.51748,0.00,0.00
2012.04.10 06:24:25.036,16.5139,16.51754,0.00,0.00
2012.04.10 06:24:33.647,16.51424,16.51787,0.00,0.00
2012.04.10 06:24:34.088,16.51445,16.51848,0.00,0.00
2012.04.10 06:24:34.145,16.51493,16.51856,0.00,0.00
2012.04.10 06:24:34.682,16.5151,16.51873,0.00,0.00
2012.04.10 06:24:34.745,16.5151,16.51908,0.00,0.00
2012.04.10 06:24:35.319,16.51526,16.51937,0.00,0.00
2012.04.10 06:24:35.637,16.51672,16.51972,0.00,0.00
2012.04.10 06:24:35.827,16.51672,16.52,0.00,0.00
2012.04.10 06:24:36.037,16.5168,16.52048,0.00,0.00
2012.04.10 06:24:36.432,16.51762,16.52091,0.00,0.00
2012.04.10 06:24:36.753,16.51802,16.52103,0.00,0.00
2012.04.10 06:24:36.816,16.51774,16.52123,0.00,0.00
2012.04.10 06:24:36.880,16.51772,16.52142,0.00,0.00
2012.04.10 06:24:37.210,16.51802,16.52148,0.00,0.00
2012.04.10 06:24:37.278,16.51902,16.52202,0.00,0.00
2012.04.10 06:24:37.336,16.51952,16.52252,0.00,0.00
2012.04.10 06:24:37.462,16.51952,16.52258,0.00,0.00
2012.04.10 06:24:37.682,16.51893,16.52242,0.00,0.00
2012.04.10 06:24:37.746,16.51912,16.52242,0.00,0.00
2012.04.10 06:24:37.806,16.51892,16.52192,0.00,0.00
2012.04.10 06:24:37.932,16.51892,16.52242,0.00,0.00
2012.04.10 06:24:37.997,16.51874,16.52223,0.00,0.00
2012.04.10 06:24:38.123,16.51892,16.52248,0.00,0.00
2012.04.10 06:24:39.003,16.51892,16.52245,0.00,0.00
2012.04.10 06:24:39.503,16.51851,16.522,0.00,0.00
2012.04.10 06:24:39.885,16.51868,16.5221,0.00,0.00
2012.04.10 06:24:41.869,16.51806,16.52148,0.00,0.00
2012.04.10 06:24:42.254,16.51772,16.52148,0.00,0.00
2012.04.10 06:24:42.878,16.51832,16.52148,0.00,0.00
2012.04.10 06:24:42.938,16.51832,16.52148,0.00,0.00
2012.04.10 06:24:45.319,16.51832,16.52156,0.00,0.00
2012.04.10 06:24:45.799,16.51832,16.52148,0.00,0.00
2012.04.10 06:24:46.558,16.51781,16.5213,0.00,0.00
2012.04.10 06:24:46.681,16.51802,16.52143,0.00,0.00
2012.04.10 06:24:47.124,16.51784,16.52133,0.00,0.00
2012.04.10 06:24:51.144,16.51766,16.52115,0.00,0.00
2012.04.10 06:24:53.429,16.51785,16.52127,0.00,0.00
2012.04.10 06:24:57.392,16.51765,16.52114,0.00,0.00
2012.04.10 06:24:58.258,16.51839,16.5218,0.00,0.00
2012.04.10 06:25:01.419,16.51848,16.52197,0.00,0.00
2012.04.10 06:25:06.323,16.51892,16.52197,0.00,0.00
2012.04.10 06:25:06.864,16.51886,16.52235,0.00,0.00
2012.04.10 06:25:07.408,16.51932,16.52235,0.00,0.00
2012.04.10 06:25:07.587,16.51904,16.52245,0.00,0.00
2012.04.10 06:25:08.097,16.51885,16.52227,0.00,0.00
2012.04.10 06:25:09.109,16.51865,16.52214,0.00,0.00
2012.04.10 06:25:10.359,16.51902,16.52202,0.00,0.00
2012.04.10 06:25:10.480,16.51856,16.52158,0.00,0.00
2012.04.10 06:25:11.085,16.51881,16.52223,0.00,0.00
2012.04.10 06:25:15.926,16.51862,16.52211,0.00,0.00
2012.04.10 06:25:24.259,16.51882,16.52211,0.00,0.00
2012.04.10 06:25:26.586,16.51832,16.52211,0.00,0.00
2012.04.10 06:25:26.916,16.51832,16.52179,0.00,0.00
2012.04.10 06:25:34.281,16.51832,16.522,0.00,0.00
2012.04.10 06:25:34.406,16.51902,16.52219,0.00,0.00
2012.04.10 06:25:34.478,16.51902,16.52248,0.00,0.00
2012.04.10 06:25:35.141,16.51912,16.52295,0.00,0.00
2012.04.10 06:25:35.834,16.51912,16.52278,0.00,0.00
2012.04.10 06:25:36.418,16.51912,16.52289,0.00,0.00
2012.04.10 06:25:37.808,16.51882,16.52248,0.00,0.00
2012.04.10 06:25:38.528,16.51882,16.52248,0.00,0.00
2012.04.10 06:25:38.906,16.51872,16.52248,0.00,0.00
2012.04.10 06:25:39.289,16.51862,16.52235,0.00,0.00
2012.04.10 06:25:40.041,16.51798,16.5214,0.00,0.00
2012.04.10 06:25:41.640,16.51782,16.52131,0.00,0.00
2012.04.10 06:25:42.395,16.51798,16.52147,0.00,0.00
2012.04.10 06:25:43.727,16.51777,16.52119,0.00,0.00
2012.04.10 06:25:44.205,16.5175,16.52113,0.00,0.00
2012.04.10 06:25:46.496,16.51732,16.52113,0.00,0.00
2012.04.10 06:25:46.731,16.51662,16.52025,0.00,0.00
2012.04.10 06:25:47.131,16.5164,16.52003,0.00,0.00
2012.04.10 06:25:47.330,16.51692,16.52003,0.00,0.00
2012.04.10 06:25:47.479,16.51692,16.52076,0.00,0.00
2012.04.10 06:25:47.692,16.51692,16.52091,0.00,0.00
2012.04.10 06:25:48.159,16.51703,16.52114,0.00,0.00
2012.04.10 06:25:48.534,16.51712,16.52098,0.00,0.00
2012.04.10 06:25:49.200,16.51712,16.52106,0.00,0.00
2012.04.10 06:25:49.426,16.51682,16.52079,0.00,0.00
2012.04.10 06:25:50.217,16.51712,16.52098,0.00,0.00
2012.04.10 06:25:51.004,16.51714,16.52125,0.00,0.00
2012.04.10 06:25:51.453,16.51714,16.52118,0.00,0.00
2012.04.10 06:25:52.347,16.51712,16.52102,0.00,0.00
2012.04.10 06:25:52.806,16.51723,16.52126,0.00,0.00
2012.04.10 06:25:53.140,16.51742,16.52144,0.00,0.00
2012.04.10 06:25:53.744,16.51742,16.52135,0.00,0.00
2012.04.10 06:25:54.589,16.51742,16.52118,0.00,0.00
2012.04.10 06:25:54.902,16.51742,16.52129,0.00,0.00
2012.04.10 06:25:55.847,16.51722,16.52109,0.00,0.00
2012.04.10 06:25:56.419,16.5173,16.52133,0.00,0.00
2012.04.10 06:25:56.832,16.51722,16.52124,0.00,0.00
2012.04.10 06:25:57.050,16.5173,16.52134,0.00,0.00
2012.04.10 06:25:57.560,16.51752,16.52149,0.00,0.00
2012.04.10 06:26:01.087,16.51772,16.52168,0.00,0.00
2012.04.10 06:26:01.475,16.51712,16.52083,0.00,0.00
2012.04.10 06:26:01.991,16.51692,16.52072,0.00,0.00
2012.04.10 06:26:02.216,16.51692,16.52092,0.00,0.00
2012.04.10 06:26:02.378,16.51692,16.5208,0.00,0.00
2012.04.10 06:26:02.881,16.51702,16.52066,0.00,0.00
2012.04.10 06:26:03.326,16.51702,16.52082,0.00,0.00
2012.04.10 06:26:03.674,16.51702,16.52065,0.00,0.00
2012.04.10 06:26:03.737,16.51754,16.52158,0.00,0.00
2012.04.10 06:26:03.980,16.51736,16.52147,0.00,0.00
2012.04.10 06:26:04.653,16.51792,16.52163,0.00,0.00
2012.04.10 06:26:05.608,16.51812,16.52187,0.00,0.00
2012.04.10 06:26:08.299,16.51812,16.5217,0.00,0.00
2012.04.10 06:26:08.606,16.51792,16.52154,0.00,0.00
2012.04.10 06:26:08.800,16.51789,16.52138,0.00,0.00
2012.04.10 06:26:09.569,16.51792,16.52154,0.00,0.00
2012.04.10 06:26:09.787,16.51792,16.52143,0.00,0.00
2012.04.10 06:26:10.228,16.51792,16.52155,0.00,0.00
2012.04.10 06:26:11.190,16.51792,16.52162,0.00,0.00
2012.04.10 06:26:11.569,16.51792,16.52173,0.00,0.00
2012.04.10 06:26:13.429,16.51762,16.52152,0.00,0.00
2012.04.10 06:26:13.689,16.51762,16.52135,0.00,0.00
2012.04.10 06:26:14.080,16.51746,16.5215,0.00,0.00
2012.04.10 06:26:16.181,16.51742,16.52128,0.00,0.00
2012.04.10 06:26:17.556,16.51762,16.52145,0.00,0.00
2012.04.10 06:26:17.732,16.51762,16.52138,0.00,0.00
2012.04.10 06:26:18.097,16.51712,16.52123,0.00,0.00
2012.04.10 06:26:18.240,16.51692,16.52085,0.00,0.00
2012.04.10 06:26:19.265,16.51692,16.52095,0.00,0.00
2012.04.10 06:26:23.615,16.51692,16.52085,0.00,0.00
2012.04.10 06:26:27.504,16.51692,16.52093,0.00,0.00
2012.04.10 06:26:27.944,16.51642,16.52037,0.00,0.00
2012.04.10 06:26:28.647,16.51642,16.52027,0.00,0.00
2012.04.10 06:26:29.343,16.51612,16.52009,0.00,0.00
2012.04.10 06:26:30.641,16.51752,16.52053,0.00,0.00
2012.04.10 06:26:31.160,16.51752,16.52152,0.00,0.00
2012.04.10 06:26:31.377,16.51752,16.52135,0.00,0.00
2012.04.10 06:26:31.747,16.51772,16.52099,0.00,0.00
2012.04.10 06:26:32.217,16.51774,16.52185,0.00,0.00
2012.04.10 06:26:34.188,16.51754,16.52165,0.00,0.00
2012.04.10 06:26:34.729,16.51728,16.52139,0.00,0.00
2012.04.10 06:26:35.265,16.51686,16.5209,0.00,0.00
2012.04.10 06:26:35.566,16.51872,16.52276,0.00,0.00
2012.04.10 06:26:35.938,16.51872,16.52248,0.00,0.00
2012.04.10 06:26:35.995,16.51852,16.52209,0.00,0.00
2012.04.10 06:26:38.623,16.51852,16.52224,0.00,0.00
2012.04.10 06:26:38.840,16.51886,16.52297,0.00,0.00
2012.04.10 06:26:39.752,16.51922,16.52325,0.00,0.00
2012.04.10 06:26:39.819,16.51892,16.52295,0.00,0.00
2012.04.10 06:26:39.890,16.51892,16.5228,0.00,0.00
2012.04.10 06:26:40.177,16.51892,16.52293,0.00,0.00
2012.04.10 06:26:40.387,16.51892,16.52266,0.00,0.00
2012.04.10 06:26:42.459,16.51892,16.52286,0.00,0.00
2012.04.10 06:26:43.850,16.51892,16.52291,0.00,0.00
2012.04.10 06:26:44.432,16.51896,16.52299,0.00,0.00
2012.04.10 06:26:51.061,16.51922,16.52317,0.00,0.00
2012.04.10 06:26:53.127,16.51922,16.52301,0.00,0.00
2012.04.10 06:26:53.302,16.51892,16.52288,0.00,0.00
2012.04.10 06:26:53.593,16.51892,16.52272,0.00,0.00
2012.04.10 06:26:55.986,16.51872,16.52261,0.00,0.00
2012.04.10 06:26:56.279,16.51872,16.52234,0.00,0.00
2012.04.10 06:26:56.607,16.51762,16.52163,0.00,0.00
2012.04.10 06:26:57.021,16.51762,16.52143,0.00,0.00
2012.04.10 06:26:57.550,16.51712,16.52114,0.00,0.00
2012.04.10 06:27:00.126,16.51695,16.52099,0.00,0.00
2012.04.10 06:27:00.676,16.51713,16.52124,0.00,0.00
2012.04.10 06:27:01.560,16.51735,16.52139,0.00,0.00
2012.04.10 06:27:03.172,16.51722,16.52128,0.00,0.00
2012.04.10 06:27:03.409,16.51702,16.52112,0.00,0.00
2012.04.10 06:27:05.371,16.51727,16.52138,0.00,0.00
2012.04.10 06:27:07.232,16.51711,16.52122,0.00,0.00
2012.04.10 06:27:07.680,16.51722,16.52111,0.00,0.00
2012.04.10 06:27:07.747,16.51722,16.52099,0.00,0.00
2012.04.10 06:27:08.003,16.51704,16.52107,0.00,0.00
2012.04.10 06:27:11.392,16.51702,16.52093,0.00,0.00
2012.04.10 06:27:11.519,16.51703,16.52114,0.00,0.00
2012.04.10 06:27:14.617,16.51722,16.52097,0.00,0.00
2012.04.10 06:27:15.088,16.51753,16.52157,0.00,0.00
2012.04.10 06:27:15.565,16.51712,16.52122,0.00,0.00
2012.04.10 06:27:15.960,16.51729,16.5214,0.00,0.00
2012.04.10 06:27:16.286,16.51745,16.52148,0.00,0.00
2012.04.10 06:27:18.141,16.51725,16.52136,0.00,0.00
2012.04.10 06:27:19.120,16.51712,16.52118,0.00,0.00
2012.04.10 06:27:19.776,16.51724,16.52128,0.00,0.00
2012.04.10 06:27:21.134,16.51712,16.52118,0.00,0.00
2012.04.10 06:27:27.439,16.51742,16.52136,0.00,0.00
2012.04.10 06:27:27.647,16.51761,16.52172,0.00,0.00
2012.04.10 06:27:28.157,16.51777,16.52181,0.00,0.00
2012.04.10 06:27:28.628,16.51805,16.52209,0.00,0.00
2012.04.10 06:27:29.401,16.51796,16.52199,0.00,0.00
2012.04.10 06:27:29.890,16.51815,16.52218,0.00,0.00
2012.04.10 06:27:30.767,16.51812,16.5219,0.00,0.00
2012.04.10 06:27:42.315,16.51763,16.52167,0.00,0.00
2012.04.10 06:27:42.889,16.51762,16.52157,0.00,0.00
2012.04.10 06:27:43.181,16.51765,16.52176,0.00,0.00
2012.04.10 06:27:43.505,16.51781,16.52185,0.00,0.00
2012.04.10 06:27:47.930,16.5176,16.52163,0.00,0.00
2012.04.10 06:27:48.737,16.51769,16.5218,0.00,0.00
2012.04.10 06:27:52.942,16.51787,16.52198,0.00,0.00
2012.04.10 06:27:53.773,16.51803,16.52206,0.00,0.00
2012.04.10 06:27:54.876,16.51787,16.52198,0.00,0.00
2012.04.10 06:27:55.830,16.51852,16.52198,0.00,0.00
2012.04.10 06:27:56.416,16.5186,16.52271,0.00,0.00
2012.04.10 06:27:56.812,16.51852,16.52255,0.00,0.00
2012.04.10 06:28:01.119,16.51868,16.52271,0.00,0.00
2012.04.10 06:28:02.548,16.51822,16.52223,0.00,0.00
2012.04.10 06:28:02.898,16.51828,16.52239,0.00,0.00
2012.04.10 06:28:03.744,16.51822,16.52223,0.00,0.00
2012.04.10 06:28:04.092,16.51832,16.52243,0.00,0.00
2012.04.10 06:28:04.884,16.51852,16.52263,0.00,0.00
2012.04.10 06:28:05.188,16.51934,16.52337,0.00,0.00
2012.04.10 06:28:06.237,16.51931,16.52342,0.00,0.00
2012.04.10 06:28:06.880,16.51947,16.52348,0.00,0.00
2012.04.10 06:28:08.078,16.51929,16.5234,0.00,0.00
2012.04.10 06:28:12.317,16.51917,16.52321,0.00,0.00
2012.04.10 06:28:12.560,16.51902,16.52311,0.00,0.00
2012.04.10 06:28:13.660,16.51916,16.5232,0.00,0.00
2012.04.10 06:28:14.099,16.51872,16.52274,0.00,0.00
2012.04.10 06:28:14.909,16.51887,16.5229,0.00,0.00
2012.04.10 06:28:16.421,16.51872,16.52281,0.00,0.00
2012.04.10 06:28:16.965,16.51852,16.52263,0.00,0.00
2012.04.10 06:28:17.399,16.51852,16.52258,0.00,0.00
2012.04.10 06:28:19.456,16.51852,16.52239,0.00,0.00
2012.04.10 06:28:19.834,16.51896,16.52307,0.00,0.00
2012.04.10 06:28:21.296,16.51913,16.52317,0.00,0.00
2012.04.10 06:28:23.386,16.51902,16.52307,0.00,0.00
2012.04.10 06:28:24.566,16.51921,16.52325,0.00,0.00
2012.04.10 06:28:25.195,16.51896,16.52307,0.00,0.00
2012.04.10 06:28:25.839,16.51892,16.52288,0.00,0.00
2012.04.10 06:28:26.049,16.51892,16.52271,0.00,0.00
2012.04.10 06:28:28.052,16.51892,16.52291,0.00,0.00
2012.04.10 06:28:28.368,16.51903,16.52314,0.00,0.00
2012.04.10 06:28:28.527,16.51923,16.52327,0.00,0.00
2012.04.10 06:28:28.759,16.51922,16.52316,0.00,0.00
2012.04.10 06:28:31.185,16.51924,16.52327,0.00,0.00
2012.04.10 06:28:31.754,16.51922,16.52318,0.00,0.00
2012.04.10 06:28:33.190,16.51902,16.52295,0.00,0.00
2012.04.10 06:28:33.687,16.51906,16.52317,0.00,0.00
2012.04.10 06:28:34.013,16.51927,16.52331,0.00,0.00
2012.04.10 06:28:34.343,16.51906,16.52317,0.00,0.00
2012.04.10 06:28:34.993,16.51933,16.52336,0.00,0.00
2012.04.10 06:28:35.439,16.51917,16.52328,0.00,0.00
2012.04.10 06:28:37.137,16.51939,16.52343,0.00,0.00
2012.04.10 06:28:37.321,16.51968,16.52379,0.00,0.00
2012.04.10 06:28:39.346,16.51984,16.52395,0.00,0.00
2012.04.10 06:28:39.882,16.52002,16.52413,0.00,0.00
2012.04.10 06:28:40.206,16.51974,16.52377,0.00,0.00
2012.04.10 06:28:40.649,16.51957,16.52368,0.00,0.00
2012.04.10 06:28:41.170,16.51982,16.52386,0.00,0.00
2012.04.10 06:28:41.703,16.51991,16.52402,0.00,0.00
2012.04.10 06:28:42.039,16.52009,16.52412,0.00,0.00
2012.04.10 06:28:42.697,16.51981,16.52392,0.00,0.00
2012.04.10 06:28:44.130,16.51998,16.52401,0.00,0.00
2012.04.10 06:28:45.740,16.51982,16.52393,0.00,0.00
2012.04.10 06:28:46.918,16.52002,16.52411,0.00,0.00
2012.04.10 06:28:47.413,16.5211,16.52513,0.00,0.00
2012.04.10 06:28:48.940,16.52125,16.52529,0.00,0.00
2012.04.10 06:28:49.007,16.52107,16.52518,0.00,0.00
2012.04.10 06:28:49.407,16.52127,16.5253,0.00,0.00
2012.04.10 06:28:50.233,16.5211,16.52521,0.00,0.00
2012.04.10 06:28:51.391,16.52127,16.52538,0.00,0.00
2012.04.10 06:28:54.226,16.52147,16.52548,0.00,0.00
2012.04.10 06:28:54.286,16.52162,16.52548,0.00,0.00
2012.04.10 06:28:56.756,16.5218,16.52591,0.00,0.00
2012.04.10 06:28:57.297,16.52208,16.52611,0.00,0.00
2012.04.10 06:28:57.397,16.52228,16.52632,0.00,0.00
2012.04.10 06:28:59.819,16.52244,16.52648,0.00,0.00
2012.04.10 06:29:08.775,16.5229,16.52654,0.00,0.00
2012.04.10 06:29:09.040,16.52461,16.52848,0.00,0.00
2012.04.10 06:29:09.843,16.52485,16.52848,0.00,0.00
2012.04.10 06:29:10.303,16.52483,16.52848,0.00,0.00
2012.04.10 06:29:10.617,16.52535,16.52901,0.00,0.00
2012.04.10 06:29:10.947,16.5246,16.52826,0.00,0.00
2012.04.10 06:29:12.647,16.52433,16.52799,0.00,0.00
2012.04.10 06:29:13.137,16.52405,16.52768,0.00,0.00
2012.04.10 06:29:14.430,16.52422,16.52786,0.00,0.00
2012.04.10 06:29:14.796,16.5242,16.52784,0.00,0.00
2012.04.10 06:29:16.476,16.52394,16.52758,0.00,0.00
2012.04.10 06:29:17.282,16.52374,16.5274,0.00,0.00
2012.04.10 06:29:17.700,16.52261,16.52627,0.00,0.00
2012.04.10 06:29:18.693,16.5228,16.52646,0.00,0.00
2012.04.10 06:29:19.006,16.52252,16.52618,0.00,0.00
2012.04.10 06:29:19.335,16.52242,16.52608,0.00,0.00
2012.04.10 06:29:19.798,16.52222,16.52588,0.00,0.00
2012.04.10 06:29:20.164,16.52206,16.52572,0.00,0.00
2012.04.10 06:29:20.667,16.52227,16.52593,0.00,0.00
2012.04.10 06:29:21.722,16.52209,16.52575,0.00,0.00
2012.04.10 06:29:22.728,16.52192,16.52556,0.00,0.00
2012.04.10 06:29:23.312,16.52174,16.5254,0.00,0.00
2012.04.10 06:29:23.648,16.52113,16.52479,0.00,0.00
2012.04.10 06:29:24.195,16.52173,16.52539,0.00,0.00
2012.04.10 06:29:24.911,16.52191,16.52557,0.00,0.00
2012.04.10 06:29:28.017,16.52209,16.52575,0.00,0.00
2012.04.10 06:29:29.988,16.52227,16.52593,0.00,0.00
2012.04.10 06:29:30.546,16.52208,16.52574,0.00,0.00
2012.04.10 06:29:33.104,16.52334,16.52698,0.00,0.00
2012.04.10 06:29:33.433,16.52407,16.52748,0.00,0.00
2012.04.10 06:29:36.040,16.5244,16.52804,0.00,0.00
2012.04.10 06:29:36.556,16.52422,16.52786,0.00,0.00
2012.04.10 06:29:36.957,16.52477,16.52843,0.00,0.00
2012.04.10 06:29:37.985,16.52496,16.5286,0.00,0.00
2012.04.10 06:29:38.425,16.52512,16.52876,0.00,0.00
2012.04.10 06:29:41.586,16.52488,16.52852,0.00,0.00
2012.04.10 06:29:42.481,16.52509,16.52872,0.00,0.00
2012.04.10 06:29:47.657,16.5249,16.52854,0.00,0.00
2012.04.10 06:29:48.993,16.52462,16.52828,0.00,0.00
2012.04.10 06:29:49.681,16.52491,16.52854,0.00,0.00
2012.04.10 06:29:55.252,16.52659,16.53025,0.00,0.00
2012.04.10 06:29:55.613,16.5252,16.52886,0.00,0.00
2012.04.10 06:29:55.941,16.52512,16.52813,0.00,0.00
2012.04.10 06:29:56.176,16.5267,16.53036,0.00,0.00
2012.04.10 06:29:56.397,16.52689,16.53052,0.00,0.00
2012.04.10 06:29:56.800,16.52592,16.52892,0.00,0.00
2012.04.10 06:29:56.868,16.52671,16.53037,0.00,0.00
2012.04.10 06:29:57.956,16.52691,16.53054,0.00,0.00
2012.04.10 06:29:58.417,16.52481,16.52785,0.00,0.00
2012.04.10 06:29:58.573,16.52741,16.53107,0.00,0.00
2012.04.10 06:29:58.799,16.52485,16.52789,0.00,0.00
2012.04.10 06:29:59.050,16.52735,16.53098,0.00,0.00
2012.04.10 06:29:59.334,16.52712,16.53076,0.00,0.00
2012.04.10 06:29:59.698,16.52694,16.53058,0.00,0.00
2012.04.10 06:30:00.138,16.52771,16.53137,0.00,0.00
2012.04.10 06:30:00.553,16.52489,16.52793,0.00,0.00
2012.04.10 06:30:00.678,16.52767,16.53133,0.00,0.00
2012.04.10 06:30:01.197,16.52747,16.53113,0.00,0.00
2012.04.10 06:30:01.960,16.52652,16.52952,0.00,0.00
2012.04.10 06:30:02.725,16.52789,16.53152,0.00,0.00
2012.04.10 06:30:03.136,16.52773,16.53139,0.00,0.00
2012.04.10 06:30:03.457,16.52747,16.53048,0.00,0.00
2012.04.10 06:30:03.519,16.52687,16.5305,0.00,0.00
2012.04.10 06:30:03.734,16.52436,16.5274,0.00,0.00
2012.04.10 06:30:03.798,16.52673,16.53039,0.00,0.00
2012.04.10 06:30:04.028,16.52697,16.5306,0.00,0.00
2012.04.10 06:30:04.782,16.526,16.52964,0.00,0.00
2012.04.10 06:30:05.204,16.52582,16.52948,0.00,0.00
2012.04.10 06:30:05.527,16.52548,16.52848,0.00,0.00
2012.04.10 06:30:06.196,16.52553,16.52917,0.00,0.00
2012.04.10 06:30:06.400,16.52523,16.52886,0.00,0.00
2012.04.10 06:30:06.580,16.52547,16.52911,0.00,0.00
2012.04.10 06:30:07.229,16.5249,16.52854,0.00,0.00
2012.04.10 06:30:07.608,16.5252,16.52884,0.00,0.00
2012.04.10 06:30:08.980,16.52522,16.52886,0.00,0.00
2012.04.10 06:30:09.399,16.52475,16.52841,0.00,0.00
2012.04.10 06:30:10.534,16.52458,16.52824,0.00,0.00
2012.04.10 06:30:11.131,16.52442,16.52806,0.00,0.00
2012.04.10 06:30:11.948,16.52467,16.52833,0.00,0.00
2012.04.10 06:30:13.019,16.52447,16.52748,0.00,0.00
2012.04.10 06:30:13.100,16.5244,16.52804,0.00,0.00
2012.04.10 06:30:13.318,16.5242,16.52784,0.00,0.00
2012.04.10 06:30:13.798,16.5244,16.52804,0.00,0.00
2012.04.10 06:30:14.097,16.52476,16.52842,0.00,0.00
2012.04.10 06:30:14.447,16.52505,16.52848,0.00,0.00
2012.04.10 06:30:14.804,16.52347,16.52648,0.00,0.00
2012.04.10 06:30:14.869,16.5235,16.52714,0.00,0.00
2012.04.10 06:30:15.031,16.52316,16.5268,0.00,0.00
2012.04.10 06:30:16.512,16.52295,16.52658,0.00,0.00
2012.04.10 06:30:16.818,16.52326,16.5269,0.00,0.00
2012.04.10 06:30:17.478,16.52288,16.52651,0.00,0.00
2012.04.10 06:30:17.880,16.52328,16.52638,0.00,0.00
2012.04.10 06:30:18.189,16.52321,16.52685,0.00,0.00
2012.04.10 06:30:18.644,16.52323,16.52686,0.00,0.00
2012.04.10 06:30:20.379,16.52306,16.5267,0.00,0.00
2012.04.10 06:30:22.962,16.52288,16.52651,0.00,0.00
2012.04.10 06:30:26.478,16.5227,16.52636,0.00,0.00
2012.04.10 06:30:27.424,16.52148,16.52448,0.00,0.00
2012.04.10 06:30:27.963,16.52241,16.52605,0.00,0.00
2012.04.10 06:30:28.168,16.52208,16.52571,0.00,0.00
2012.04.10 06:30:28.229,16.52192,16.52556,0.00,0.00
2012.04.10 06:30:29.260,16.52145,16.52511,0.00,0.00
2012.04.10 06:30:29.732,16.52169,16.52532,0.00,0.00
2012.04.10 06:30:30.066,16.52141,16.52504,0.00,0.00
2012.04.10 06:30:31.233,16.52162,16.52528,0.00,0.00
2012.04.10 06:30:31.569,16.52173,16.52539,0.00,0.00
2012.04.10 06:30:31.938,16.52193,16.52557,0.00,0.00
2012.04.10 06:30:32.790,16.52147,16.52448,0.00,0.00
2012.04.10 06:30:32.918,16.52176,16.52539,0.00,0.00
2012.04.10 06:30:33.120,16.5213,16.52494,0.00,0.00
2012.04.10 06:30:35.530,16.52111,16.52474,0.00,0.00
2012.04.10 06:30:36.014,16.52128,16.52491,0.00,0.00
2012.04.10 06:30:36.509,16.52147,16.52448,0.00,0.00
2012.04.10 06:30:36.832,16.52147,16.52448,0.00,0.00
2012.04.10 06:30:37.067,16.52189,16.52555,0.00,0.00
2012.04.10 06:30:37.226,16.52248,16.52611,0.00,0.00
2012.04.10 06:30:37.554,16.52232,16.52596,0.00,0.00
2012.04.10 06:30:37.877,16.52209,16.52572,0.00,0.00
2012.04.10 06:30:39.040,16.52185,16.52548,0.00,0.00
2012.04.10 06:30:39.476,16.52168,16.52532,0.00,0.00
2012.04.10 06:30:39.780,16.52186,16.52552,0.00,0.00
2012.04.10 06:30:40.136,16.52244,16.52548,0.00,0.00
2012.04.10 06:30:40.465,16.52223,16.52586,0.00,0.00
2012.04.10 06:30:40.838,16.52239,16.52602,0.00,0.00
2012.04.10 06:30:42.831,16.52147,16.52448,0.00,0.00
2012.04.10 06:30:42.898,16.52215,16.52578,0.00,0.00
2012.04.10 06:30:43.262,16.52111,16.52448,0.00,0.00
2012.04.10 06:30:44.678,16.52128,16.52492,0.00,0.00
2012.04.10 06:30:45.014,16.52112,16.52472,0.00,0.00
2012.04.10 06:30:47.334,16.52137,16.525,0.00,0.00
2012.04.10 06:30:47.679,16.52229,16.52592,0.00,0.00
2012.04.10 06:30:48.054,16.52211,16.52548,0.00,0.00
