2015.05.29 05:00:00.920,11.89598,11.89931,0.00,0.00
2015.05.29 05:00:01.021,11.89598,11.89911,0.00,0.00
2015.05.29 05:00:01.125,11.89598,11.89922,0.00,0.00
2015.05.29 05:00:02.066,11.89598,11.8992,0.00,0.00
2015.05.29 05:00:02.709,11.89598,11.89911,0.00,0.00
2015.05.29 05:00:03.212,11.89698,11.89911,0.00,0.00
2015.05.29 05:00:03.418,11.89698,11.89932,0.00,0.00
2015.05.29 05:00:03.519,11.89698,11.90032,0.00,0.00
2015.05.29 05:00:03.670,11.89698,11.90011,0.00,0.00
2015.05.29 05:00:03.826,11.89698,11.90032,0.00,0.00
2015.05.29 05:00:03.927,11.89698,11.90021,0.00,0.00
2015.05.29 05:00:04.580,11.89698,11.90022,0.00,0.00
2015.05.29 05:00:04.729,11.89698,11.90032,0.00,0.00
2015.05.29 05:00:05.672,11.89748,11.90061,0.00,0.00
2015.05.29 05:00:05.773,11.89748,11.90081,0.00,0.00
2015.05.29 05:00:06.509,11.89748,11.90061,0.00,0.00
2015.05.29 05:00:10.062,11.89748,11.90082,0.00,0.00
2015.05.29 05:00:11.597,11.89748,11.90081,0.00,0.00
2015.05.29 05:00:14.245,11.89748,11.90062,0.00,0.00
2015.05.29 05:00:20.786,11.89748,11.90082,0.00,0.00
2015.05.29 05:00:25.302,11.89748,11.90062,0.00,0.00
2015.05.29 05:00:26.860,11.89699,11.90031,0.00,0.00
2015.05.29 05:00:26.910,11.89699,11.90012,0.00,0.00
2015.05.29 05:00:27.281,11.89699,11.90031,0.00,0.00
2015.05.29 05:00:28.066,11.89699,11.90011,0.00,0.00
2015.05.29 05:00:28.501,11.89708,11.90011,0.00,0.00
2015.05.29 05:00:28.933,11.89708,11.90032,0.00,0.00
2015.05.29 05:00:30.752,11.89708,11.90011,0.00,0.00
2015.05.29 05:00:30.854,11.89659,11.89981,0.00,0.00
2015.05.29 05:00:30.955,11.89622,11.89932,0.00,0.00
2015.05.29 05:00:31.361,11.89622,11.89911,0.00,0.00
2015.05.29 05:00:32.153,11.89622,11.89932,0.00,0.00
2015.05.29 05:00:32.231,11.89608,11.89932,0.00,0.00
2015.05.29 05:00:33.075,11.89608,11.89921,0.00,0.00
2015.05.29 05:00:36.959,11.89608,11.89932,0.00,0.00
2015.05.29 05:00:37.183,11.89608,11.89921,0.00,0.00
2015.05.29 05:00:38.387,11.89858,11.89979,0.00,0.00
2015.05.29 05:00:38.438,11.89858,11.90142,0.00,0.00
2015.05.29 05:00:41.877,11.89859,11.90131,0.00,0.00
2015.05.29 05:00:42.040,11.89859,11.90142,0.00,0.00
2015.05.29 05:00:42.621,11.89809,11.90131,0.00,0.00
2015.05.29 05:00:42.794,11.89809,11.90112,0.00,0.00
2015.05.29 05:00:46.912,11.89759,11.90081,0.00,0.00
2015.05.29 05:00:46.962,11.89759,11.90071,0.00,0.00
2015.05.29 05:00:47.790,11.89722,11.90012,0.00,0.00
2015.05.29 05:00:48.291,11.89708,11.90012,0.00,0.00
2015.05.29 05:00:49.316,11.89671,11.89981,0.00,0.00
2015.05.29 05:00:55.232,11.8969,11.89981,0.00,0.00
2015.05.29 05:00:56.934,11.89689,11.89981,0.00,0.00
2015.05.29 05:00:57.456,11.8975,11.90031,0.00,0.00
2015.05.29 05:00:57.507,11.89739,11.90031,0.00,0.00
2015.05.29 05:00:57.608,11.89809,11.90121,0.00,0.00
2015.05.29 05:01:15.749,11.89809,11.90112,0.00,0.00
2015.05.29 05:01:17.603,11.89809,11.90111,0.00,0.00
2015.05.29 05:01:19.569,11.89809,11.90121,0.00,0.00
2015.05.29 05:01:20.301,11.89809,11.90122,0.00,0.00
2015.05.29 05:01:21.602,11.89809,11.90112,0.00,0.00
2015.05.29 05:01:35.855,11.89758,11.90082,0.00,0.00
2015.05.29 05:01:36.107,11.89758,11.90062,0.00,0.00
2015.05.29 05:01:40.010,11.89808,11.90062,0.00,0.00
2015.05.29 05:01:40.086,11.89808,11.90082,0.00,0.00
2015.05.29 05:01:40.137,11.89909,11.90082,0.00,0.00
2015.05.29 05:01:40.187,11.89909,11.90192,0.00,0.00
2015.05.29 05:01:45.516,11.89871,11.90172,0.00,0.00
2015.05.29 05:01:45.929,11.89851,11.90172,0.00,0.00
2015.05.29 05:01:47.910,11.89848,11.90172,0.00,0.00
2015.05.29 05:01:47.960,11.89818,11.90122,0.00,0.00
2015.05.29 05:01:48.011,11.89802,11.90122,0.00,0.00
2015.05.29 05:01:48.062,11.89849,11.90171,0.00,0.00
2015.05.29 05:01:48.112,11.89849,11.90142,0.00,0.00
2015.05.29 05:01:48.431,11.89802,11.90071,0.00,0.00
2015.05.29 05:01:49.340,11.89751,11.90071,0.00,0.00
2015.05.29 05:02:00.122,11.89702,11.90022,0.00,0.00
2015.05.29 05:02:04.768,11.89651,11.89972,0.00,0.00
2015.05.29 05:02:10.180,11.89659,11.89972,0.00,0.00
2015.05.29 05:02:12.690,11.8966,11.89972,0.00,0.00
2015.05.29 05:02:13.883,11.89651,11.89972,0.00,0.00
2015.05.29 05:02:17.959,11.89651,11.89921,0.00,0.00
2015.05.29 05:02:18.060,11.8962,11.89921,0.00,0.00
2015.05.29 05:02:18.162,11.89608,11.89921,0.00,0.00
2015.05.29 05:02:18.270,11.89601,11.89921,0.00,0.00
2015.05.29 05:02:27.179,11.89599,11.89921,0.00,0.00
2015.05.29 05:02:27.230,11.89579,11.89872,0.00,0.00
2015.05.29 05:02:27.280,11.89551,11.89872,0.00,0.00
2015.05.29 05:02:28.219,11.89551,11.89871,0.00,0.00
2015.05.29 05:02:35.793,11.89488,11.89772,0.00,0.00
2015.05.29 05:02:35.895,11.89458,11.89772,0.00,0.00
2015.05.29 05:02:35.959,11.89451,11.89772,0.00,0.00
2015.05.29 05:02:36.259,11.89458,11.89772,0.00,0.00
2015.05.29 05:02:37.335,11.89459,11.89772,0.00,0.00
2015.05.29 05:02:43.418,11.8947,11.89772,0.00,0.00
2015.05.29 05:02:43.480,11.8946,11.89772,0.00,0.00
2015.05.29 05:02:43.580,11.8947,11.89772,0.00,0.00
2015.05.29 05:02:43.832,11.89548,11.89872,0.00,0.00
2015.05.29 05:02:44.998,11.89551,11.89872,0.00,0.00
2015.05.29 05:02:45.679,11.89551,11.89821,0.00,0.00
2015.05.29 05:02:45.830,11.89551,11.89872,0.00,0.00
2015.05.29 05:02:47.378,11.89548,11.89862,0.00,0.00
2015.05.29 05:02:47.428,11.89501,11.89822,0.00,0.00
2015.05.29 05:02:52.748,11.89548,11.89872,0.00,0.00
2015.05.29 05:02:52.809,11.89551,11.89872,0.00,0.00
2015.05.29 05:02:53.112,11.89559,11.89872,0.00,0.00
2015.05.29 05:02:53.893,11.89551,11.89872,0.00,0.00
2015.05.29 05:02:54.515,11.89559,11.89872,0.00,0.00
2015.05.29 05:02:55.645,11.8957,11.89872,0.00,0.00
2015.05.29 05:02:56.350,11.8958,11.89872,0.00,0.00
2015.05.29 05:02:57.156,11.89579,11.89872,0.00,0.00
2015.05.29 05:02:57.369,11.89602,11.89922,0.00,0.00
2015.05.29 05:02:57.469,11.89629,11.89922,0.00,0.00
2015.05.29 05:02:57.818,11.89648,11.89922,0.00,0.00
2015.05.29 05:02:57.904,11.8964,11.89922,0.00,0.00
2015.05.29 05:02:58.004,11.89649,11.89922,0.00,0.00
2015.05.29 05:02:58.304,11.89639,11.89922,0.00,0.00
2015.05.29 05:02:58.354,11.8965,11.89922,0.00,0.00
2015.05.29 05:02:58.455,11.89648,11.89922,0.00,0.00
2015.05.29 05:02:58.506,11.89629,11.89922,0.00,0.00
2015.05.29 05:02:59.106,11.89651,11.89922,0.00,0.00
2015.05.29 05:02:59.898,11.89651,11.89972,0.00,0.00
2015.05.29 05:03:01.992,11.89651,11.89872,0.00,0.00
2015.05.29 05:03:02.094,11.89552,11.89872,0.00,0.00
2015.05.29 05:03:03.151,11.89559,11.89872,0.00,0.00
2015.05.29 05:03:03.210,11.89552,11.89872,0.00,0.00
2015.05.29 05:03:04.912,11.89558,11.89872,0.00,0.00
2015.05.29 05:03:05.014,11.89552,11.89872,0.00,0.00
2015.05.29 05:03:23.976,11.89549,11.89872,0.00,0.00
2015.05.29 05:03:24.027,11.89549,11.89822,0.00,0.00
2015.05.29 05:03:24.127,11.8955,11.89871,0.00,0.00
2015.05.29 05:03:24.178,11.89558,11.89871,0.00,0.00
2015.05.29 05:03:25.516,11.89551,11.89871,0.00,0.00
2015.05.29 05:03:28.645,11.89559,11.89871,0.00,0.00
2015.05.29 05:03:31.949,11.89551,11.89871,0.00,0.00
2015.05.29 05:03:32.348,11.89551,11.89772,0.00,0.00
2015.05.29 05:03:32.449,11.89549,11.89772,0.00,0.00
2015.05.29 05:03:32.550,11.89459,11.89772,0.00,0.00
2015.05.29 05:03:32.752,11.89479,11.89772,0.00,0.00
2015.05.29 05:03:32.951,11.89459,11.89772,0.00,0.00
2015.05.29 05:03:33.052,11.89451,11.89772,0.00,0.00
2015.05.29 05:03:34.653,11.89468,11.89772,0.00,0.00
2015.05.29 05:03:36.764,11.89489,11.89772,0.00,0.00
2015.05.29 05:03:40.282,11.89469,11.89772,0.00,0.00
2015.05.29 05:03:42.480,11.89478,11.89772,0.00,0.00
2015.05.29 05:03:51.306,11.89469,11.89721,0.00,0.00
2015.05.29 05:03:51.408,11.89401,11.89671,0.00,0.00
2015.05.29 05:03:52.672,11.89368,11.89671,0.00,0.00
2015.05.29 05:03:52.723,11.89378,11.89671,0.00,0.00
2015.05.29 05:03:53.186,11.89388,11.89671,0.00,0.00
2015.05.29 05:03:54.486,11.89378,11.89671,0.00,0.00
2015.05.29 05:03:57.585,11.89401,11.89671,0.00,0.00
2015.05.29 05:03:57.636,11.89478,11.89772,0.00,0.00
2015.05.29 05:03:58.420,11.89458,11.89722,0.00,0.00
2015.05.29 05:03:58.521,11.89451,11.89722,0.00,0.00
2015.05.29 05:03:58.696,11.89408,11.89722,0.00,0.00
2015.05.29 05:03:59.026,11.89438,11.89722,0.00,0.00
2015.05.29 05:04:00.183,11.89408,11.89722,0.00,0.00
2015.05.29 05:04:00.986,11.89418,11.89722,0.00,0.00
2015.05.29 05:04:01.487,11.89438,11.89722,0.00,0.00
2015.05.29 05:04:04.490,11.89418,11.89722,0.00,0.00
2015.05.29 05:04:04.935,11.89418,11.89672,0.00,0.00
2015.05.29 05:04:05.036,11.89448,11.89749,0.00,0.00
2015.05.29 05:04:05.242,11.8943,11.89722,0.00,0.00
2015.05.29 05:04:05.908,11.89409,11.89722,0.00,0.00
2015.05.29 05:04:06.092,11.89418,11.89722,0.00,0.00
2015.05.29 05:04:06.438,11.8943,11.89722,0.00,0.00
2015.05.29 05:04:06.488,11.89449,11.89771,0.00,0.00
2015.05.29 05:04:06.539,11.89479,11.89771,0.00,0.00
2015.05.29 05:04:06.837,11.89469,11.89771,0.00,0.00
2015.05.29 05:04:06.893,11.89459,11.89771,0.00,0.00
2015.05.29 05:04:06.994,11.89469,11.89771,0.00,0.00
2015.05.29 05:04:08.500,11.89458,11.89772,0.00,0.00
2015.05.29 05:04:08.595,11.89478,11.89772,0.00,0.00
2015.05.29 05:04:11.549,11.89459,11.89772,0.00,0.00
2015.05.29 05:04:13.639,11.89479,11.89772,0.00,0.00
2015.05.29 05:04:15.203,11.89458,11.89772,0.00,0.00
2015.05.29 05:04:15.715,11.89468,11.89772,0.00,0.00
2015.05.29 05:04:22.325,11.89451,11.89772,0.00,0.00
2015.05.29 05:04:22.513,11.89479,11.89772,0.00,0.00
2015.05.29 05:04:23.892,11.89401,11.89672,0.00,0.00
2015.05.29 05:04:24.986,11.89369,11.89672,0.00,0.00
2015.05.29 05:04:25.586,11.89352,11.89672,0.00,0.00
2015.05.29 05:04:26.820,11.89368,11.89672,0.00,0.00
2015.05.29 05:04:27.824,11.89352,11.89672,0.00,0.00
2015.05.29 05:04:29.127,11.89369,11.89672,0.00,0.00
2015.05.29 05:04:30.530,11.89379,11.89672,0.00,0.00
2015.05.29 05:04:30.791,11.89452,11.89771,0.00,0.00
2015.05.29 05:04:30.842,11.89468,11.89771,0.00,0.00
2015.05.29 05:04:35.735,11.89478,11.89771,0.00,0.00
2015.05.29 05:04:42.877,11.89459,11.89771,0.00,0.00
2015.05.29 05:04:44.183,11.89452,11.89771,0.00,0.00
2015.05.29 05:04:44.579,11.89459,11.89771,0.00,0.00
2015.05.29 05:04:46.781,11.89468,11.89771,0.00,0.00
2015.05.29 05:04:52.597,11.8948,11.89771,0.00,0.00
2015.05.29 05:04:54.452,11.89499,11.89821,0.00,0.00
2015.05.29 05:04:54.503,11.89502,11.89821,0.00,0.00
2015.05.29 05:04:54.907,11.89502,11.89772,0.00,0.00
2015.05.29 05:04:56.030,11.89451,11.89772,0.00,0.00
2015.05.29 05:04:56.269,11.89488,11.89772,0.00,0.00
2015.05.29 05:04:56.320,11.89498,11.89822,0.00,0.00
2015.05.29 05:04:57.215,11.89502,11.89822,0.00,0.00
2015.05.29 05:04:59.664,11.89502,11.89771,0.00,0.00
2015.05.29 05:04:59.715,11.89451,11.89771,0.00,0.00
2015.05.29 05:04:59.874,11.89459,11.89771,0.00,0.00
2015.05.29 05:05:00.176,11.89468,11.89771,0.00,0.00
2015.05.29 05:05:03.681,11.89488,11.89771,0.00,0.00
2015.05.29 05:05:03.782,11.89459,11.89771,0.00,0.00
2015.05.29 05:05:07.459,11.8946,11.89771,0.00,0.00
2015.05.29 05:05:08.501,11.89468,11.89771,0.00,0.00
2015.05.29 05:05:09.211,11.89502,11.89771,0.00,0.00
2015.05.29 05:05:09.262,11.89502,11.89822,0.00,0.00
2015.05.29 05:05:43.625,11.89452,11.89771,0.00,0.00
2015.05.29 05:05:43.945,11.89468,11.89771,0.00,0.00
2015.05.29 05:05:44.676,11.89452,11.89771,0.00,0.00
2015.05.29 05:05:50.448,11.89458,11.89771,0.00,0.00
2015.05.29 05:05:55.759,11.89459,11.89771,0.00,0.00
2015.05.29 05:05:58.680,11.89469,11.89771,0.00,0.00
2015.05.29 05:06:00.115,11.89452,11.89771,0.00,0.00
2015.05.29 05:06:00.485,11.89449,11.89771,0.00,0.00
2015.05.29 05:06:00.535,11.89448,11.89722,0.00,0.00
2015.05.29 05:06:00.586,11.89401,11.89722,0.00,0.00
2015.05.29 05:06:00.637,11.89401,11.89671,0.00,0.00
2015.05.29 05:06:01.204,11.89401,11.89672,0.00,0.00
2015.05.29 05:06:01.904,11.89358,11.89672,0.00,0.00
2015.05.29 05:06:02.973,11.89351,11.89672,0.00,0.00
2015.05.29 05:06:04.878,11.89369,11.89672,0.00,0.00
2015.05.29 05:06:05.697,11.89549,11.89749,0.00,0.00
2015.05.29 05:06:05.748,11.89552,11.89782,0.00,0.00
2015.05.29 05:06:05.798,11.89552,11.89772,0.00,0.00
2015.05.29 05:06:06.455,11.89459,11.89772,0.00,0.00
2015.05.29 05:06:06.506,11.89451,11.89772,0.00,0.00
2015.05.29 05:06:09.220,11.89458,11.89772,0.00,0.00
2015.05.29 05:06:09.321,11.89451,11.89772,0.00,0.00
2015.05.29 05:06:13.436,11.89458,11.89772,0.00,0.00
2015.05.29 05:06:13.627,11.89451,11.89772,0.00,0.00
2015.05.29 05:06:23.033,11.89479,11.89772,0.00,0.00
2015.05.29 05:06:23.596,11.8948,11.89772,0.00,0.00
2015.05.29 05:06:24.955,11.89451,11.89772,0.00,0.00
2015.05.29 05:06:25.239,11.89459,11.89772,0.00,0.00
2015.05.29 05:06:35.982,11.8947,11.89772,0.00,0.00
2015.05.29 05:06:45.221,11.89479,11.89772,0.00,0.00
2015.05.29 05:06:53.205,11.89479,11.89741,0.00,0.00
2015.05.29 05:06:53.377,11.89459,11.89741,0.00,0.00
2015.05.29 05:06:54.024,11.8946,11.89741,0.00,0.00
2015.05.29 05:07:00.398,11.89469,11.89741,0.00,0.00
2015.05.29 05:07:01.001,11.8949,11.89741,0.00,0.00
2015.05.29 05:07:02.103,11.8948,11.89741,0.00,0.00
2015.05.29 05:07:02.960,11.89489,11.89741,0.00,0.00
2015.05.29 05:07:06.222,11.8948,11.89741,0.00,0.00
2015.05.29 05:07:08.333,11.89479,11.89741,0.00,0.00
2015.05.29 05:07:11.541,11.89489,11.89741,0.00,0.00
2015.05.29 05:07:12.811,11.8948,11.89741,0.00,0.00
2015.05.29 05:07:13.556,11.89489,11.89741,0.00,0.00
2015.05.29 05:07:21.998,11.89479,11.89741,0.00,0.00
2015.05.29 05:07:24.468,11.8949,11.89741,0.00,0.00
2015.05.29 05:07:24.575,11.8948,11.89741,0.00,0.00
2015.05.29 05:07:26.709,11.89479,11.89741,0.00,0.00
2015.05.29 05:07:28.296,11.8949,11.89741,0.00,0.00
2015.05.29 05:07:28.924,11.8948,11.89741,0.00,0.00
2015.05.29 05:07:44.507,11.8947,11.89741,0.00,0.00
2015.05.29 05:07:45.203,11.89469,11.89741,0.00,0.00
2015.05.29 05:07:53.281,11.89469,11.89832,0.00,0.00
2015.05.29 05:07:58.868,11.89479,11.89841,0.00,0.00
2015.05.29 05:07:59.184,11.8956,11.89791,0.00,0.00
2015.05.29 05:07:59.285,11.89549,11.89791,0.00,0.00
2015.05.29 05:07:59.336,11.89549,11.89842,0.00,0.00
2015.05.29 05:07:59.386,11.89559,11.89842,0.00,0.00
2015.05.29 05:08:00.074,11.8954,11.89842,0.00,0.00
2015.05.29 05:08:00.176,11.89529,11.89842,0.00,0.00
2015.05.29 05:08:00.456,11.89539,11.89842,0.00,0.00
2015.05.29 05:08:00.775,11.89551,11.89842,0.00,0.00
2015.05.29 05:08:01.765,11.89551,11.89792,0.00,0.00
2015.05.29 05:08:01.941,11.89502,11.89792,0.00,0.00
2015.05.29 05:08:01.991,11.89502,11.89741,0.00,0.00
2015.05.29 05:08:02.093,11.89502,11.89791,0.00,0.00
2015.05.29 05:08:02.244,11.89509,11.89791,0.00,0.00
2015.05.29 05:08:02.346,11.89502,11.89791,0.00,0.00
2015.05.29 05:08:10.935,11.89502,11.89811,0.00,0.00
2015.05.29 05:08:39.216,11.89502,11.89822,0.00,0.00
2015.05.29 05:08:48.342,11.89539,11.89861,0.00,0.00
2015.05.29 05:09:03.743,11.89489,11.89811,0.00,0.00
2015.05.29 05:09:15.491,11.89509,11.89811,0.00,0.00
2015.05.29 05:09:16.102,11.8951,11.89811,0.00,0.00
2015.05.29 05:09:16.206,11.8949,11.89811,0.00,0.00
2015.05.29 05:09:16.707,11.89489,11.89811,0.00,0.00
2015.05.29 05:09:16.812,11.895,11.89811,0.00,0.00
2015.05.29 05:09:17.810,11.89489,11.89811,0.00,0.00
2015.05.29 05:09:17.861,11.89538,11.89831,0.00,0.00
2015.05.29 05:09:17.962,11.89538,11.89862,0.00,0.00
2015.05.29 05:09:18.382,11.89588,11.89871,0.00,0.00
2015.05.29 05:09:18.483,11.89588,11.89898,0.00,0.00
2015.05.29 05:09:19.152,11.89588,11.89902,0.00,0.00
2015.05.29 05:09:20.769,11.89588,11.89911,0.00,0.00
2015.05.29 05:09:22.675,11.89588,11.89901,0.00,0.00
2015.05.29 05:09:28.590,11.89588,11.89912,0.00,0.00
2015.05.29 05:09:29.393,11.89588,11.89902,0.00,0.00
2015.05.29 05:09:37.604,11.89588,11.89912,0.00,0.00
2015.05.29 05:09:37.814,11.89588,11.89901,0.00,0.00
2015.05.29 05:09:38.918,11.89588,11.89911,0.00,0.00
2015.05.29 05:09:39.701,11.89588,11.89901,0.00,0.00
2015.05.29 05:09:42.554,11.89588,11.89911,0.00,0.00
2015.05.29 05:09:42.827,11.89588,11.89902,0.00,0.00
2015.05.29 05:09:50.085,11.89588,11.89912,0.00,0.00
2015.05.29 05:09:54.497,11.89489,11.89811,0.00,0.00
2015.05.29 05:10:08.807,11.89401,11.89712,0.00,0.00
2015.05.29 05:10:10.240,11.89388,11.89712,0.00,0.00
2015.05.29 05:10:10.745,11.89488,11.89812,0.00,0.00
2015.05.29 05:10:17.541,11.89508,11.89822,0.00,0.00
2015.05.29 05:10:18.413,11.89508,11.8982,0.00,0.00
2015.05.29 05:10:19.066,11.89508,11.89821,0.00,0.00
2015.05.29 05:10:19.731,11.89508,11.8982,0.00,0.00
2015.05.29 05:10:20.859,11.89508,11.89749,0.00,0.00
2015.05.29 05:10:21.223,11.89508,11.89722,0.00,0.00
2015.05.29 05:10:21.902,11.89508,11.89742,0.00,0.00
2015.05.29 05:10:23.487,11.89508,11.89732,0.00,0.00
2015.05.29 05:10:26.725,11.89508,11.89731,0.00,0.00
2015.05.29 05:10:29.133,11.89408,11.89731,0.00,0.00
2015.05.29 05:10:33.906,11.89408,11.8972,0.00,0.00
2015.05.29 05:10:34.816,11.89408,11.89721,0.00,0.00
2015.05.29 05:10:35.870,11.89408,11.8972,0.00,0.00
2015.05.29 05:10:36.070,11.89408,11.89731,0.00,0.00
2015.05.29 05:10:36.723,11.89408,11.89732,0.00,0.00
2015.05.29 05:10:40.439,11.89408,11.89722,0.00,0.00
2015.05.29 05:10:40.640,11.89408,11.89732,0.00,0.00
2015.05.29 05:10:41.298,11.89408,11.89731,0.00,0.00
2015.05.29 05:10:41.449,11.89359,11.8967,0.00,0.00
2015.05.29 05:10:41.550,11.89309,11.89631,0.00,0.00
2015.05.29 05:10:41.651,11.89309,11.89621,0.00,0.00
2015.05.29 05:10:48.153,11.89309,11.8961,0.00,0.00
2015.05.29 05:10:48.756,11.89309,11.89622,0.00,0.00
2015.05.29 05:10:48.857,11.89309,11.89631,0.00,0.00
2015.05.29 05:10:49.080,11.89309,11.89622,0.00,0.00
2015.05.29 05:10:51.411,11.89309,11.89631,0.00,0.00
2015.05.29 05:10:51.801,11.89309,11.89621,0.00,0.00
2015.05.29 05:10:52.783,11.89309,11.8962,0.00,0.00
2015.05.29 05:10:53.244,11.89309,11.8961,0.00,0.00
2015.05.29 05:10:54.077,11.89309,11.89621,0.00,0.00
2015.05.29 05:10:54.182,11.89309,11.89631,0.00,0.00
2015.05.29 05:10:54.650,11.89309,11.8962,0.00,0.00
2015.05.29 05:10:55.389,11.89309,11.89611,0.00,0.00
2015.05.29 05:10:55.654,11.89208,11.89532,0.00,0.00
2015.05.29 05:10:55.704,11.89208,11.89522,0.00,0.00
2015.05.29 05:10:57.044,11.89209,11.89522,0.00,0.00
2015.05.29 05:10:57.712,11.89209,11.89531,0.00,0.00
2015.05.29 05:10:58.497,11.89209,11.89522,0.00,0.00
2015.05.29 05:10:58.614,11.89209,11.89531,0.00,0.00
2015.05.29 05:10:58.974,11.89209,11.89521,0.00,0.00
2015.05.29 05:11:00.788,11.89308,11.89521,0.00,0.00
2015.05.29 05:11:00.889,11.89308,11.89542,0.00,0.00
2015.05.29 05:11:01.002,11.89308,11.89579,0.00,0.00
2015.05.29 05:11:01.168,11.89308,11.89632,0.00,0.00
2015.05.29 05:11:01.282,11.89308,11.89621,0.00,0.00
2015.05.29 05:11:01.484,11.89259,11.89581,0.00,0.00
2015.05.29 05:11:01.960,11.89308,11.89631,0.00,0.00
2015.05.29 05:11:07.998,11.89308,11.89622,0.00,0.00
2015.05.29 05:11:10.206,11.89308,11.89621,0.00,0.00
2015.05.29 05:11:12.233,11.89308,11.89611,0.00,0.00
2015.05.29 05:11:13.460,11.89308,11.89621,0.00,0.00
2015.05.29 05:11:13.538,11.89308,11.8961,0.00,0.00
2015.05.29 05:11:14.741,11.89308,11.89611,0.00,0.00
2015.05.29 05:11:15.529,11.89308,11.8961,0.00,0.00
2015.05.29 05:11:16.145,11.89308,11.89601,0.00,0.00
2015.05.29 05:11:17.091,11.89308,11.89611,0.00,0.00
2015.05.29 05:11:18.657,11.89308,11.896,0.00,0.00
2015.05.29 05:11:20.659,11.89308,11.89621,0.00,0.00
2015.05.29 05:11:21.573,11.89308,11.89622,0.00,0.00
2015.05.29 05:11:34.823,11.89308,11.89621,0.00,0.00
2015.05.29 05:11:35.632,11.89308,11.8962,0.00,0.00
2015.05.29 05:11:38.114,11.89308,11.8961,0.00,0.00
2015.05.29 05:11:41.934,11.89308,11.89621,0.00,0.00
2015.05.29 05:11:41.985,11.89308,11.89631,0.00,0.00
2015.05.29 05:11:42.396,11.89308,11.89622,0.00,0.00
2015.05.29 05:11:52.873,11.89308,11.89621,0.00,0.00
2015.05.29 05:11:55.312,11.89308,11.89602,0.00,0.00
2015.05.29 05:11:55.414,11.89308,11.89621,0.00,0.00
2015.05.29 05:11:56.207,11.89308,11.8962,0.00,0.00
2015.05.29 05:11:56.744,11.89308,11.89621,0.00,0.00
2015.05.29 05:12:02.050,11.89239,11.89621,0.00,0.00
2015.05.29 05:12:03.855,11.89249,11.89621,0.00,0.00
2015.05.29 05:12:04.005,11.89239,11.89621,0.00,0.00
2015.05.29 05:12:14.438,11.89239,11.8957,0.00,0.00
2015.05.29 05:12:14.740,11.89209,11.89522,0.00,0.00
2015.05.29 05:12:14.890,11.89209,11.89531,0.00,0.00
2015.05.29 05:12:14.991,11.89209,11.89522,0.00,0.00
2015.05.29 05:12:15.685,11.89209,11.89531,0.00,0.00
2015.05.29 05:12:16.544,11.89209,11.89522,0.00,0.00
2015.05.29 05:12:16.645,11.89209,11.89531,0.00,0.00
2015.05.29 05:12:26.371,11.89209,11.89521,0.00,0.00
2015.05.29 05:12:26.673,11.89209,11.89531,0.00,0.00
2015.05.29 05:12:27.807,11.89209,11.89522,0.00,0.00
2015.05.29 05:12:28.626,11.89209,11.89531,0.00,0.00
2015.05.29 05:12:29.762,11.8919,11.89482,0.00,0.00
2015.05.29 05:12:30.093,11.89209,11.89498,0.00,0.00
2015.05.29 05:12:30.882,11.89209,11.89522,0.00,0.00
2015.05.29 05:12:32.687,11.89209,11.89531,0.00,0.00
2015.05.29 05:12:34.890,11.89209,11.89521,0.00,0.00
2015.05.29 05:12:39.096,11.89209,11.89531,0.00,0.00
2015.05.29 05:12:46.711,11.89209,11.89521,0.00,0.00
2015.05.29 05:12:49.484,11.89209,11.89511,0.00,0.00
2015.05.29 05:12:49.735,11.89209,11.89521,0.00,0.00
2015.05.29 05:12:49.837,11.89209,11.8953,0.00,0.00
2015.05.29 05:12:50.938,11.89209,11.89531,0.00,0.00
2015.05.29 05:12:59.635,11.89209,11.89521,0.00,0.00
2015.05.29 05:13:02.539,11.89209,11.89531,0.00,0.00
2015.05.29 05:13:15.654,11.89209,11.89521,0.00,0.00
2015.05.29 05:13:23.197,11.89209,11.89531,0.00,0.00
2015.05.29 05:13:23.248,11.89309,11.89562,0.00,0.00
2015.05.29 05:13:23.299,11.89309,11.89599,0.00,0.00
2015.05.29 05:13:24.686,11.89309,11.8961,0.00,0.00
2015.05.29 05:13:24.826,11.89309,11.89621,0.00,0.00
2015.05.29 05:13:31.863,11.89309,11.8961,0.00,0.00
2015.05.29 05:13:32.662,11.89309,11.89611,0.00,0.00
2015.05.29 05:13:40.498,11.89259,11.89581,0.00,0.00
2015.05.29 05:13:56.500,11.89301,11.89581,0.00,0.00
2015.05.29 05:13:56.651,11.89358,11.89682,0.00,0.00
2015.05.29 05:14:40.266,11.89359,11.89682,0.00,0.00
2015.05.29 05:14:42.025,11.8937,11.89682,0.00,0.00
2015.05.29 05:14:44.057,11.89359,11.89682,0.00,0.00
2015.05.29 05:14:45.238,11.89369,11.89682,0.00,0.00
2015.05.29 05:14:46.349,11.8936,11.89682,0.00,0.00
2015.05.29 05:14:47.789,11.89358,11.89682,0.00,0.00
2015.05.29 05:14:49.558,11.89359,11.89682,0.00,0.00
2015.05.29 05:14:50.155,11.89369,11.89691,0.00,0.00
2015.05.29 05:14:56.361,11.89269,11.89591,0.00,0.00
2015.05.29 05:15:56.097,11.8927,11.89591,0.00,0.00
2015.05.29 05:15:56.769,11.8927,11.89632,0.00,0.00
2015.05.29 05:15:58.929,11.8927,11.89622,0.00,0.00
2015.05.29 05:15:58.979,11.89259,11.89622,0.00,0.00
2015.05.29 05:15:59.030,11.8926,11.89612,0.00,0.00
2015.05.29 05:15:59.311,11.89208,11.89571,0.00,0.00
2015.05.29 05:15:59.362,11.89208,11.89492,0.00,0.00
2015.05.29 05:15:59.412,11.89179,11.89492,0.00,0.00
2015.05.29 05:15:59.710,11.89169,11.89492,0.00,0.00
2015.05.29 05:16:00.097,11.89251,11.89492,0.00,0.00
2015.05.29 05:16:00.147,11.89268,11.89522,0.00,0.00
2015.05.29 05:16:00.198,11.89268,11.89571,0.00,0.00
2015.05.29 05:16:00.249,11.89269,11.89592,0.00,0.00
2015.05.29 05:16:00.696,11.89279,11.89592,0.00,0.00
2015.05.29 05:16:00.747,11.89269,11.89592,0.00,0.00
2015.05.29 05:16:01.347,11.89268,11.89592,0.00,0.00
2015.05.29 05:16:02.742,11.89259,11.89542,0.00,0.00
2015.05.29 05:16:02.793,11.89218,11.89542,0.00,0.00
2015.05.29 05:16:17.476,11.89179,11.89491,0.00,0.00
2015.05.29 05:16:17.527,11.89169,11.89491,0.00,0.00
2015.05.29 05:16:18.031,11.89168,11.89492,0.00,0.00
2015.05.29 05:16:18.584,11.89269,11.89591,0.00,0.00
2015.05.29 05:16:21.813,11.8927,11.89591,0.00,0.00
2015.05.29 05:16:22.420,11.89269,11.89591,0.00,0.00
2015.05.29 05:16:30.061,11.89288,11.89612,0.00,0.00
2015.05.29 05:16:33.119,11.89249,11.89511,0.00,0.00
2015.05.29 05:16:33.169,11.89189,11.89511,0.00,0.00
2015.05.29 05:16:54.037,11.89251,11.89542,0.00,0.00
2015.05.29 05:16:54.088,11.89251,11.89561,0.00,0.00
2015.05.29 05:16:54.139,11.89259,11.89561,0.00,0.00
2015.05.29 05:16:54.240,11.89288,11.89612,0.00,0.00
2015.05.29 05:17:05.265,11.89288,11.89611,0.00,0.00
2015.05.29 05:17:06.325,11.89288,11.89612,0.00,0.00
2015.05.29 05:17:27.417,11.89288,11.89611,0.00,0.00
2015.05.29 05:17:28.551,11.89288,11.89612,0.00,0.00
2015.05.29 05:17:35.968,11.89288,11.89611,0.00,0.00
2015.05.29 05:17:42.749,11.89288,11.89612,0.00,0.00
2015.05.29 05:17:43.153,11.89288,11.8961,0.00,0.00
2015.05.29 05:17:43.720,11.89288,11.89612,0.00,0.00
2015.05.29 05:17:46.650,11.89288,11.89611,0.00,0.00
2015.05.29 05:17:49.985,11.89299,11.89611,0.00,0.00
2015.05.29 05:17:55.666,11.89299,11.89601,0.00,0.00
2015.05.29 05:18:07.282,11.89299,11.89612,0.00,0.00
2015.05.29 05:18:11.789,11.89299,11.89602,0.00,0.00
2015.05.29 05:18:32.230,11.89299,11.89621,0.00,0.00
2015.05.29 05:18:33.275,11.89299,11.89611,0.00,0.00
2015.05.29 05:18:34.584,11.89299,11.89621,0.00,0.00
2015.05.29 05:18:36.078,11.89299,11.89611,0.00,0.00
2015.05.29 05:18:43.547,11.89299,11.89621,0.00,0.00
2015.05.29 05:18:44.546,11.89299,11.89612,0.00,0.00
2015.05.29 05:18:48.352,11.89299,11.89621,0.00,0.00
2015.05.29 05:18:48.939,11.89299,11.89601,0.00,0.00
2015.05.29 05:18:49.665,11.89299,11.89621,0.00,0.00
2015.05.29 05:18:50.353,11.89259,11.89621,0.00,0.00
2015.05.29 05:18:50.555,11.89259,11.89611,0.00,0.00
2015.05.29 05:18:52.974,11.8925,11.89611,0.00,0.00
2015.05.29 05:18:55.581,11.89249,11.89611,0.00,0.00
2015.05.29 05:18:59.090,11.89239,11.89611,0.00,0.00
2015.05.29 05:19:01.497,11.8923,11.89611,0.00,0.00
2015.05.29 05:19:02.225,11.8923,11.8961,0.00,0.00
2015.05.29 05:19:02.883,11.89229,11.89611,0.00,0.00
2015.05.29 05:19:04.230,11.8923,11.89611,0.00,0.00
2015.05.29 05:19:06.411,11.89229,11.89611,0.00,0.00
2015.05.29 05:19:09.163,11.89248,11.89572,0.00,0.00
2015.05.29 05:19:09.465,11.89201,11.89502,0.00,0.00
2015.05.29 05:19:10.024,11.89201,11.89522,0.00,0.00
2015.05.29 05:19:10.512,11.89198,11.89522,0.00,0.00
2015.05.29 05:19:11.088,11.89198,11.89512,0.00,0.00
2015.05.29 05:19:15.693,11.89198,11.89502,0.00,0.00
2015.05.29 05:19:20.671,11.89198,11.89421,0.00,0.00
2015.05.29 05:19:20.722,11.89102,11.89421,0.00,0.00
2015.05.29 05:19:21.732,11.89099,11.89421,0.00,0.00
2015.05.29 05:19:25.769,11.891,11.89421,0.00,0.00
2015.05.29 05:19:26.270,11.89099,11.89421,0.00,0.00
2015.05.29 05:19:47.953,11.89198,11.89432,0.00,0.00
2015.05.29 05:19:48.003,11.89198,11.89499,0.00,0.00
2015.05.29 05:19:48.762,11.89149,11.89472,0.00,0.00
2015.05.29 05:19:49.265,11.89148,11.89472,0.00,0.00
2015.05.29 05:19:51.845,11.89101,11.89422,0.00,0.00
2015.05.29 05:19:51.996,11.89098,11.89421,0.00,0.00
2015.05.29 05:19:52.982,11.89098,11.89422,0.00,0.00
2015.05.29 05:20:20.506,11.89098,11.89421,0.00,0.00
2015.05.29 05:20:21.008,11.89098,11.89422,0.00,0.00
2015.05.29 05:20:52.123,11.8905,11.89422,0.00,0.00
2015.05.29 05:20:54.902,11.89059,11.89422,0.00,0.00
2015.05.29 05:20:55.756,11.89059,11.89431,0.00,0.00
2015.05.29 05:21:00.981,11.89049,11.89431,0.00,0.00
2015.05.29 05:21:02.174,11.8905,11.89431,0.00,0.00
2015.05.29 05:21:08.823,11.8905,11.89421,0.00,0.00
2015.05.29 05:21:08.984,11.89059,11.89441,0.00,0.00
2015.05.29 05:21:09.096,11.8908,11.89441,0.00,0.00
2015.05.29 05:21:10.085,11.8908,11.89422,0.00,0.00
2015.05.29 05:21:10.137,11.89069,11.89422,0.00,0.00
2015.05.29 05:21:10.238,11.89059,11.89422,0.00,0.00
2015.05.29 05:21:11.152,11.8905,11.89422,0.00,0.00
2015.05.29 05:21:11.811,11.89049,11.89422,0.00,0.00
2015.05.29 05:21:12.419,11.89059,11.89422,0.00,0.00
2015.05.29 05:21:12.523,11.89059,11.89441,0.00,0.00
2015.05.29 05:21:12.789,11.89059,11.89422,0.00,0.00
2015.05.29 05:21:15.037,11.8905,11.89422,0.00,0.00
2015.05.29 05:21:15.564,11.89102,11.8946,0.00,0.00
2015.05.29 05:21:15.889,11.89198,11.89501,0.00,0.00
2015.05.29 05:21:15.995,11.89198,11.89511,0.00,0.00
2015.05.29 05:21:16.195,11.89198,11.89501,0.00,0.00
2015.05.29 05:21:23.738,11.89198,11.89502,0.00,0.00
2015.05.29 05:21:35.724,11.89198,11.89512,0.00,0.00
2015.05.29 05:21:40.548,11.89171,11.89472,0.00,0.00
2015.05.29 05:21:40.598,11.89148,11.89472,0.00,0.00
2015.05.29 05:21:41.189,11.89148,11.89471,0.00,0.00
2015.05.29 05:21:50.753,11.89148,11.89472,0.00,0.00
2015.05.29 05:21:54.361,11.89148,11.89471,0.00,0.00
2015.05.29 05:22:14.109,11.89148,11.89472,0.00,0.00
2015.05.29 05:22:25.283,11.89148,11.89471,0.00,0.00
2015.05.29 05:22:25.334,11.89098,11.89422,0.00,0.00
2015.05.29 05:22:28.541,11.89098,11.89421,0.00,0.00
2015.05.29 05:22:29.644,11.89098,11.89422,0.00,0.00
2015.05.29 05:22:31.454,11.89098,11.89421,0.00,0.00
2015.05.29 05:22:31.962,11.89098,11.89422,0.00,0.00
2015.05.29 05:22:55.845,11.89121,11.89422,0.00,0.00
2015.05.29 05:22:56.161,11.89271,11.89502,0.00,0.00
2015.05.29 05:22:56.262,11.89198,11.89521,0.00,0.00
2015.05.29 05:22:56.699,11.89198,11.89511,0.00,0.00
2015.05.29 05:23:01.359,11.89198,11.89521,0.00,0.00
2015.05.29 05:23:03.298,11.89198,11.89522,0.00,0.00
2015.05.29 05:23:03.532,11.89221,11.89522,0.00,0.00
2015.05.29 05:23:04.039,11.89248,11.89502,0.00,0.00
2015.05.29 05:23:04.094,11.89248,11.89551,0.00,0.00
2015.05.29 05:23:04.365,11.89248,11.89562,0.00,0.00
2015.05.29 05:23:04.894,11.89221,11.89521,0.00,0.00
2015.05.29 05:23:04.944,11.89199,11.89521,0.00,0.00
2015.05.29 05:23:05.095,11.89199,11.89501,0.00,0.00
2015.05.29 05:23:13.784,11.89148,11.89471,0.00,0.00
2015.05.29 05:23:13.836,11.89121,11.89421,0.00,0.00
2015.05.29 05:23:15.490,11.89099,11.89421,0.00,0.00
2015.05.29 05:23:24.625,11.89172,11.89421,0.00,0.00
2015.05.29 05:23:25.387,11.89198,11.89461,0.00,0.00
2015.05.29 05:23:25.437,11.89198,11.89432,0.00,0.00
2015.05.29 05:23:25.488,11.89099,11.89421,0.00,0.00
2015.05.29 05:23:29.981,11.89108,11.89422,0.00,0.00
2015.05.29 05:23:32.708,11.89108,11.89432,0.00,0.00
2015.05.29 05:23:32.957,11.89108,11.89422,0.00,0.00
2015.05.29 05:23:36.958,11.89108,11.89432,0.00,0.00
2015.05.29 05:23:49.629,11.89108,11.89422,0.00,0.00
2015.05.29 05:23:51.939,11.89108,11.89432,0.00,0.00
2015.05.29 05:24:03.968,11.89158,11.89432,0.00,0.00
2015.05.29 05:24:04.394,11.89158,11.89471,0.00,0.00
2015.05.29 05:24:04.445,11.89158,11.89482,0.00,0.00
2015.05.29 05:24:04.496,11.89158,11.89471,0.00,0.00
2015.05.29 05:24:05.054,11.89158,11.89472,0.00,0.00
2015.05.29 05:24:05.384,11.89122,11.89421,0.00,0.00
2015.05.29 05:24:05.435,11.89109,11.89421,0.00,0.00
2015.05.29 05:24:05.550,11.89109,11.89431,0.00,0.00
2015.05.29 05:24:10.356,11.89109,11.89421,0.00,0.00
2015.05.29 05:24:10.899,11.89109,11.89431,0.00,0.00
2015.05.29 05:24:13.865,11.89109,11.89422,0.00,0.00
2015.05.29 05:24:14.065,11.89109,11.89431,0.00,0.00
2015.05.29 05:24:16.267,11.89109,11.89422,0.00,0.00
2015.05.29 05:24:17.388,11.89109,11.89431,0.00,0.00
2015.05.29 05:24:19.526,11.89121,11.89431,0.00,0.00
2015.05.29 05:24:19.678,11.89158,11.89471,0.00,0.00
2015.05.29 05:24:19.778,11.89158,11.89482,0.00,0.00
2015.05.29 05:24:20.275,11.89208,11.89512,0.00,0.00
2015.05.29 05:24:46.908,11.89208,11.89501,0.00,0.00
2015.05.29 05:24:56.448,11.89208,11.89512,0.00,0.00
2015.05.29 05:24:58.672,11.89208,11.89502,0.00,0.00
2015.05.29 05:25:15.648,11.89208,11.89511,0.00,0.00
2015.05.29 05:25:15.856,11.89208,11.89521,0.00,0.00
2015.05.29 05:25:16.058,11.89208,11.89511,0.00,0.00
2015.05.29 05:25:16.349,11.89208,11.89522,0.00,0.00
2015.05.29 05:25:20.454,11.89172,11.89522,0.00,0.00
2015.05.29 05:25:21.103,11.89148,11.89522,0.00,0.00
2015.05.29 05:25:24.559,11.8914,11.89512,0.00,0.00
2015.05.29 05:25:24.610,11.8913,11.89512,0.00,0.00
2015.05.29 05:25:25.330,11.89129,11.89511,0.00,0.00
2015.05.29 05:25:25.381,11.89121,11.89431,0.00,0.00
2015.05.29 05:25:25.713,11.89121,11.89382,0.00,0.00
2015.05.29 05:25:25.948,11.89058,11.89382,0.00,0.00
2015.05.29 05:25:26.398,11.89108,11.89419,0.00,0.00
2015.05.29 05:25:26.500,11.89108,11.89432,0.00,0.00
2015.05.29 05:25:27.965,11.89108,11.89421,0.00,0.00
2015.05.29 05:25:28.465,11.89108,11.89432,0.00,0.00
2015.05.29 05:25:29.435,11.89108,11.89421,0.00,0.00
2015.05.29 05:25:34.875,11.89108,11.89432,0.00,0.00
2015.05.29 05:25:39.651,11.89108,11.89421,0.00,0.00
2015.05.29 05:25:41.853,11.89108,11.89432,0.00,0.00
2015.05.29 05:25:48.353,11.89108,11.89421,0.00,0.00
2015.05.29 05:25:53.260,11.89108,11.89432,0.00,0.00
2015.05.29 05:25:55.711,11.89108,11.89431,0.00,0.00
2015.05.29 05:26:01.428,11.89108,11.89421,0.00,0.00
2015.05.29 05:26:02.156,11.89108,11.89432,0.00,0.00
2015.05.29 05:26:13.024,11.89108,11.89422,0.00,0.00
2015.05.29 05:26:13.267,11.89108,11.89432,0.00,0.00
2015.05.29 05:26:16.217,11.89108,11.89422,0.00,0.00
2015.05.29 05:26:17.246,11.89108,11.89432,0.00,0.00
2015.05.29 05:26:18.932,11.89108,11.89422,0.00,0.00
2015.05.29 05:26:19.034,11.89108,11.89431,0.00,0.00
2015.05.29 05:26:20.817,11.89108,11.89432,0.00,0.00
2015.05.29 05:26:26.492,11.89071,11.89442,0.00,0.00
2015.05.29 05:26:27.482,11.8907,11.89442,0.00,0.00
2015.05.29 05:26:29.843,11.89059,11.89442,0.00,0.00
2015.05.29 05:26:29.893,11.89059,11.89422,0.00,0.00
2015.05.29 05:26:30.632,11.8906,11.89422,0.00,0.00
2015.05.29 05:26:33.728,11.89049,11.89422,0.00,0.00
2015.05.29 05:26:34.430,11.89059,11.89422,0.00,0.00
2015.05.29 05:26:43.166,11.89039,11.89422,0.00,0.00
2015.05.29 05:26:43.680,11.89038,11.89422,0.00,0.00
2015.05.29 05:26:44.147,11.89058,11.8944,0.00,0.00
2015.05.29 05:26:44.493,11.89069,11.89451,0.00,0.00
2015.05.29 05:26:44.825,11.89049,11.89431,0.00,0.00
2015.05.29 05:26:48.068,11.89069,11.89441,0.00,0.00
2015.05.29 05:26:48.119,11.89069,11.89451,0.00,0.00
2015.05.29 05:26:48.746,11.89069,11.8945,0.00,0.00
2015.05.29 05:26:48.797,11.89058,11.89442,0.00,0.00
2015.05.29 05:26:58.492,11.89038,11.89422,0.00,0.00
2015.05.29 05:26:59.484,11.89069,11.89441,0.00,0.00
2015.05.29 05:26:59.538,11.89069,11.8945,0.00,0.00
2015.05.29 05:27:00.317,11.89069,11.89451,0.00,0.00
2015.05.29 05:27:01.594,11.89059,11.89441,0.00,0.00
2015.05.29 05:27:09.761,11.89059,11.89431,0.00,0.00
2015.05.29 05:27:09.812,11.89048,11.89422,0.00,0.00
2015.05.29 05:27:10.194,11.89069,11.8944,0.00,0.00
2015.05.29 05:27:10.725,11.89069,11.89431,0.00,0.00
2015.05.29 05:27:12.094,11.89069,11.89441,0.00,0.00
2015.05.29 05:27:12.569,11.89069,11.89451,0.00,0.00
2015.05.29 05:27:15.284,11.89069,11.8945,0.00,0.00
2015.05.29 05:27:15.822,11.89069,11.89441,0.00,0.00
2015.05.29 05:27:16.003,11.89038,11.89422,0.00,0.00
2015.05.29 05:27:16.301,11.89038,11.8942,0.00,0.00
2015.05.29 05:27:16.609,11.89048,11.8941,0.00,0.00
2015.05.29 05:27:17.427,11.89021,11.89362,0.00,0.00
2015.05.29 05:27:17.762,11.89021,11.89321,0.00,0.00
2015.05.29 05:27:18.132,11.89021,11.89312,0.00,0.00
2015.05.29 05:27:18.842,11.89008,11.89312,0.00,0.00
2015.05.29 05:27:19.040,11.89008,11.89331,0.00,0.00
2015.05.29 05:27:23.292,11.88971,11.89232,0.00,0.00
2015.05.29 05:27:23.343,11.88921,11.89232,0.00,0.00
2015.05.29 05:27:23.444,11.88908,11.89232,0.00,0.00
2015.05.29 05:27:36.507,11.88908,11.8922,0.00,0.00
2015.05.29 05:27:36.834,11.88908,11.89232,0.00,0.00
2015.05.29 05:27:37.364,11.88908,11.89231,0.00,0.00
2015.05.29 05:27:37.720,11.88908,11.8922,0.00,0.00
2015.05.29 05:27:38.726,11.88908,11.89221,0.00,0.00
2015.05.29 05:27:39.199,11.88908,11.8923,0.00,0.00
2015.05.29 05:27:44.617,11.88908,11.8922,0.00,0.00
2015.05.29 05:27:45.388,11.88908,11.89221,0.00,0.00
2015.05.29 05:27:47.737,11.88908,11.89211,0.00,0.00
2015.05.29 05:28:01.968,11.88908,11.8922,0.00,0.00
2015.05.29 05:28:05.735,11.88908,11.8921,0.00,0.00
2015.05.29 05:28:06.389,11.88908,11.89211,0.00,0.00
2015.05.29 05:28:06.713,11.88908,11.892,0.00,0.00
2015.05.29 05:28:08.495,11.88908,11.8919,0.00,0.00
2015.05.29 05:28:08.568,11.88908,11.892,0.00,0.00
2015.05.29 05:28:09.098,11.88908,11.89201,0.00,0.00
2015.05.29 05:28:09.177,11.88908,11.89221,0.00,0.00
2015.05.29 05:28:11.968,11.88908,11.89232,0.00,0.00
2015.05.29 05:28:12.566,11.88908,11.89231,0.00,0.00
2015.05.29 05:28:13.281,11.88908,11.8923,0.00,0.00
2015.05.29 05:28:14.909,11.88829,11.8915,0.00,0.00
2015.05.29 05:28:15.564,11.88829,11.89151,0.00,0.00
2015.05.29 05:28:15.885,11.88829,11.89149,0.00,0.00
2015.05.29 05:28:16.888,11.88928,11.89249,0.00,0.00
2015.05.29 05:28:22.754,11.88928,11.89241,0.00,0.00
2015.05.29 05:28:27.418,11.88878,11.89171,0.00,0.00
2015.05.29 05:28:27.986,11.88829,11.89151,0.00,0.00
2015.05.29 05:28:28.712,11.88829,11.89148,0.00,0.00
2015.05.29 05:28:31.226,11.88829,11.8914,0.00,0.00
2015.05.29 05:28:31.736,11.88829,11.89141,0.00,0.00
2015.05.29 05:28:33.234,11.88829,11.89121,0.00,0.00
2015.05.29 05:28:33.308,11.88829,11.89148,0.00,0.00
2015.05.29 05:28:33.962,11.88829,11.89131,0.00,0.00
2015.05.29 05:28:36.978,11.88829,11.89148,0.00,0.00
2015.05.29 05:28:39.551,11.88878,11.89152,0.00,0.00
2015.05.29 05:28:39.702,11.88878,11.89172,0.00,0.00
2015.05.29 05:28:39.803,11.88878,11.89192,0.00,0.00
2015.05.29 05:28:41.593,11.88878,11.89181,0.00,0.00
2015.05.29 05:28:47.116,11.88878,11.89191,0.00,0.00
2015.05.29 05:28:47.269,11.88928,11.89191,0.00,0.00
2015.05.29 05:28:47.319,11.88928,11.89219,0.00,0.00
2015.05.29 05:28:47.370,11.88928,11.89248,0.00,0.00
2015.05.29 05:28:47.420,11.88928,11.89242,0.00,0.00
2015.05.29 05:28:48.218,11.88928,11.89241,0.00,0.00
2015.05.29 05:28:48.542,11.88928,11.89231,0.00,0.00
2015.05.29 05:28:53.583,11.88928,11.89241,0.00,0.00
2015.05.29 05:28:53.783,11.88928,11.89248,0.00,0.00
2015.05.29 05:29:04.052,11.88928,11.89241,0.00,0.00
2015.05.29 05:29:05.174,11.88928,11.89251,0.00,0.00
2015.05.29 05:29:05.414,11.88928,11.89242,0.00,0.00
2015.05.29 05:29:20.614,11.88928,11.89222,0.00,0.00
2015.05.29 05:29:25.592,11.88928,11.89231,0.00,0.00
2015.05.29 05:29:35.765,11.88928,11.89242,0.00,0.00
2015.05.29 05:29:42.241,11.88928,11.89249,0.00,0.00
2015.05.29 05:29:44.180,11.88928,11.89241,0.00,0.00
2015.05.29 05:29:47.492,11.88869,11.89241,0.00,0.00
2015.05.29 05:29:47.696,11.88869,11.89222,0.00,0.00
2015.05.29 05:29:47.796,11.8887,11.89241,0.00,0.00
2015.05.29 05:29:47.847,11.88859,11.89241,0.00,0.00
2015.05.29 05:29:47.897,11.88859,11.89221,0.00,0.00
2015.05.29 05:29:49.030,11.88859,11.89241,0.00,0.00
2015.05.29 05:29:53.590,11.88869,11.89249,0.00,0.00
2015.05.29 05:29:54.084,11.8888,11.89249,0.00,0.00
2015.05.29 05:29:59.401,11.8888,11.89242,0.00,0.00
2015.05.29 05:29:59.981,11.88879,11.89242,0.00,0.00
2015.05.29 05:30:00.493,11.8888,11.89242,0.00,0.00
2015.05.29 05:30:02.235,11.88879,11.89249,0.00,0.00
2015.05.29 05:30:02.308,11.88879,11.89222,0.00,0.00
2015.05.29 05:30:02.625,11.89028,11.89299,0.00,0.00
2015.05.29 05:30:02.847,11.89128,11.89411,0.00,0.00
2015.05.29 05:30:02.948,11.89128,11.89431,0.00,0.00
2015.05.29 05:30:03.247,11.89128,11.89421,0.00,0.00
2015.05.29 05:30:04.261,11.89179,11.89469,0.00,0.00
2015.05.29 05:30:04.587,11.89228,11.89498,0.00,0.00
2015.05.29 05:30:04.891,11.89279,11.89498,0.00,0.00
2015.05.29 05:30:05.382,11.89228,11.89511,0.00,0.00
2015.05.29 05:30:05.747,11.89228,11.89531,0.00,0.00
2015.05.29 05:30:05.946,11.89228,11.89521,0.00,0.00
2015.05.29 05:30:06.838,11.89228,11.89532,0.00,0.00
2015.05.29 05:30:06.889,11.89179,11.89501,0.00,0.00
2015.05.29 05:30:06.990,11.89228,11.89511,0.00,0.00
2015.05.29 05:30:07.424,11.89228,11.89532,0.00,0.00
2015.05.29 05:30:08.626,11.89228,11.89511,0.00,0.00
2015.05.29 05:30:09.161,11.89228,11.8947,0.00,0.00
2015.05.29 05:30:09.212,11.89178,11.8947,0.00,0.00
2015.05.29 05:30:09.262,11.89178,11.89452,0.00,0.00
2015.05.29 05:30:09.313,11.89128,11.89452,0.00,0.00
2015.05.29 05:30:09.363,11.89128,11.89421,0.00,0.00
2015.05.29 05:30:12.132,11.89128,11.89442,0.00,0.00
2015.05.29 05:30:12.633,11.89128,11.89422,0.00,0.00
2015.05.29 05:30:12.734,11.89128,11.8944,0.00,0.00
2015.05.29 05:30:12.879,11.89128,11.89442,0.00,0.00
2015.05.29 05:30:13.234,11.89128,11.89432,0.00,0.00
2015.05.29 05:30:13.636,11.89128,11.89442,0.00,0.00
2015.05.29 05:30:18.770,11.89228,11.89471,0.00,0.00
2015.05.29 05:30:18.821,11.89228,11.89511,0.00,0.00
2015.05.29 05:30:18.922,11.89228,11.89532,0.00,0.00
2015.05.29 05:30:20.264,11.89228,11.89522,0.00,0.00
2015.05.29 05:30:24.498,11.89279,11.89522,0.00,0.00
2015.05.29 05:30:24.599,11.89228,11.89522,0.00,0.00
2015.05.29 05:30:25.050,11.89228,11.89532,0.00,0.00
2015.05.29 05:30:29.975,11.89209,11.89531,0.00,0.00
2015.05.29 05:30:31.764,11.89209,11.89512,0.00,0.00
2015.05.29 05:30:32.461,11.89209,11.89531,0.00,0.00
2015.05.29 05:30:32.792,11.89209,11.89522,0.00,0.00
2015.05.29 05:30:32.905,11.89209,11.89531,0.00,0.00
2015.05.29 05:30:33.963,11.89209,11.89522,0.00,0.00
2015.05.29 05:30:34.294,11.89209,11.89531,0.00,0.00
2015.05.29 05:30:36.172,11.89209,11.89511,0.00,0.00
2015.05.29 05:30:36.501,11.89209,11.89531,0.00,0.00
2015.05.29 05:30:36.574,11.89278,11.89531,0.00,0.00
2015.05.29 05:30:37.112,11.89278,11.89532,0.00,0.00
2015.05.29 05:30:37.705,11.89329,11.89532,0.00,0.00
2015.05.29 05:30:37.768,11.89329,11.89542,0.00,0.00
2015.05.29 05:30:37.971,11.89329,11.89642,0.00,0.00
2015.05.29 05:30:38.025,11.89379,11.89642,0.00,0.00
2015.05.29 05:30:38.473,11.89329,11.89642,0.00,0.00
2015.05.29 05:30:38.523,11.89329,11.896,0.00,0.00
2015.05.29 05:30:38.675,11.89278,11.89552,0.00,0.00
2015.05.29 05:30:38.775,11.89278,11.89521,0.00,0.00
2015.05.29 05:30:40.878,11.89149,11.89521,0.00,0.00
2015.05.29 05:30:40.928,11.8942,11.8954,0.00,0.00
2015.05.29 05:30:40.979,11.8944,11.89579,0.00,0.00
2015.05.29 05:30:41.030,11.89429,11.89671,0.00,0.00
2015.05.29 05:30:41.130,11.89469,11.89811,0.00,0.00
2015.05.29 05:30:41.592,11.89449,11.89811,0.00,0.00
2015.05.29 05:30:41.643,11.89579,11.89832,0.00,0.00
2015.05.29 05:30:41.980,11.89579,11.89811,0.00,0.00
2015.05.29 05:30:42.777,11.89579,11.89821,0.00,0.00
2015.05.29 05:30:42.888,11.89579,11.898,0.00,0.00
2015.05.29 05:30:42.989,11.89579,11.8982,0.00,0.00
2015.05.29 05:30:43.087,11.89579,11.8981,0.00,0.00
2015.05.29 05:30:43.658,11.89579,11.89811,0.00,0.00
2015.05.29 05:30:44.390,11.89579,11.89821,0.00,0.00
2015.05.29 05:30:45.025,11.89579,11.8982,0.00,0.00
2015.05.29 05:30:45.293,11.89579,11.8985,0.00,0.00
2015.05.29 05:30:45.394,11.89579,11.89861,0.00,0.00
2015.05.29 05:30:46.800,11.89579,11.8986,0.00,0.00
2015.05.29 05:30:47.001,11.89579,11.89851,0.00,0.00
2015.05.29 05:30:47.203,11.89579,11.8986,0.00,0.00
2015.05.29 05:30:47.404,11.89579,11.89851,0.00,0.00
2015.05.29 05:30:48.615,11.89579,11.8985,0.00,0.00
2015.05.29 05:30:48.944,11.89579,11.89861,0.00,0.00
2015.05.29 05:30:50.104,11.89579,11.8985,0.00,0.00
2015.05.29 05:30:51.115,11.89579,11.89851,0.00,0.00
2015.05.29 05:30:55.523,11.89579,11.89831,0.00,0.00
2015.05.29 05:30:57.832,11.89579,11.89841,0.00,0.00
2015.05.29 05:30:58.163,11.89579,11.8985,0.00,0.00
2015.05.29 05:30:58.644,11.89579,11.89869,0.00,0.00
2015.05.29 05:31:03.231,11.89579,11.89799,0.00,0.00
2015.05.29 05:31:03.333,11.89479,11.8976,0.00,0.00
2015.05.29 05:31:03.383,11.89479,11.8975,0.00,0.00
2015.05.29 05:31:04.071,11.89479,11.89751,0.00,0.00
2015.05.29 05:31:04.950,11.89479,11.8975,0.00,0.00
2015.05.29 05:31:06.214,11.89578,11.89779,0.00,0.00
2015.05.29 05:31:06.315,11.89578,11.8983,0.00,0.00
2015.05.29 05:31:06.390,11.89578,11.89841,0.00,0.00
2015.05.29 05:31:07.177,11.89578,11.89861,0.00,0.00
2015.05.29 05:31:07.228,11.89578,11.89821,0.00,0.00
2015.05.29 05:31:07.897,11.89578,11.8982,0.00,0.00
2015.05.29 05:31:08.206,11.89578,11.898,0.00,0.00
2015.05.29 05:31:08.854,11.89578,11.89831,0.00,0.00
2015.05.29 05:31:09.421,11.89578,11.8983,0.00,0.00
2015.05.29 05:31:10.227,11.89578,11.89841,0.00,0.00
2015.05.29 05:31:10.882,11.89578,11.8983,0.00,0.00
2015.05.29 05:31:13.152,11.89578,11.89841,0.00,0.00
2015.05.29 05:31:13.654,11.89578,11.89869,0.00,0.00
2015.05.29 05:31:13.754,11.89578,11.89871,0.00,0.00
2015.05.29 05:31:15.252,11.89679,11.89951,0.00,0.00
2015.05.29 05:31:15.660,11.89679,11.89941,0.00,0.00
2015.05.29 05:31:16.462,11.89679,11.89951,0.00,0.00
2015.05.29 05:31:17.018,11.89679,11.89962,0.00,0.00
2015.05.29 05:31:18.484,11.89658,11.89962,0.00,0.00
2015.05.29 05:31:20.173,11.89658,11.8996,0.00,0.00
2015.05.29 05:31:20.796,11.89658,11.89962,0.00,0.00
2015.05.29 05:31:22.029,11.89709,11.89962,0.00,0.00
2015.05.29 05:31:22.079,11.89709,11.8997,0.00,0.00
2015.05.29 05:31:22.234,11.89658,11.89971,0.00,0.00
2015.05.29 05:31:22.828,11.89658,11.89941,0.00,0.00
2015.05.29 05:31:23.130,11.89759,11.9,0.00,0.00
2015.05.29 05:31:23.231,11.89759,11.9001,0.00,0.00
2015.05.29 05:31:23.382,11.89759,11.90022,0.00,0.00
2015.05.29 05:31:23.931,11.89759,11.90021,0.00,0.00
2015.05.29 05:31:24.789,11.89759,11.90022,0.00,0.00
2015.05.29 05:31:29.930,11.89759,11.90002,0.00,0.00
2015.05.29 05:31:33.299,11.89759,11.90022,0.00,0.00
2015.05.29 05:31:36.230,11.89759,11.89961,0.00,0.00
2015.05.29 05:31:37.169,11.89759,11.89941,0.00,0.00
2015.05.29 05:31:39.982,11.89709,11.89962,0.00,0.00
2015.05.29 05:31:40.083,11.89758,11.89941,0.00,0.00
2015.05.29 05:31:40.613,11.89758,11.89892,0.00,0.00
2015.05.29 05:31:40.664,11.89659,11.89892,0.00,0.00
2015.05.29 05:31:40.884,11.89659,11.89922,0.00,0.00
2015.05.29 05:31:43.141,11.89659,11.89921,0.00,0.00
2015.05.29 05:31:43.392,11.89659,11.89969,0.00,0.00
2015.05.29 05:31:43.494,11.89659,11.89981,0.00,0.00
2015.05.29 05:31:45.363,11.89709,11.90001,0.00,0.00
2015.05.29 05:31:45.666,11.89658,11.89912,0.00,0.00
2015.05.29 05:31:46.587,11.89608,11.89912,0.00,0.00
2015.05.29 05:31:47.166,11.89608,11.89911,0.00,0.00
2015.05.29 05:31:48.457,11.89608,11.8991,0.00,0.00
2015.05.29 05:31:49.023,11.89608,11.89911,0.00,0.00
2015.05.29 05:31:50.433,11.89559,11.89861,0.00,0.00
2015.05.29 05:31:53.685,11.89559,11.89871,0.00,0.00
2015.05.29 05:31:55.723,11.89559,11.89861,0.00,0.00
2015.05.29 05:31:56.252,11.89608,11.89861,0.00,0.00
2015.05.29 05:31:56.303,11.89608,11.89892,0.00,0.00
2015.05.29 05:31:56.404,11.89608,11.89922,0.00,0.00
2015.05.29 05:31:57.217,11.89608,11.89931,0.00,0.00
2015.05.29 05:31:58.792,11.89608,11.89921,0.00,0.00
2015.05.29 05:32:02.301,11.89608,11.89931,0.00,0.00
2015.05.29 05:32:02.822,11.89608,11.89932,0.00,0.00
2015.05.29 05:32:03.943,11.89608,11.89912,0.00,0.00
2015.05.29 05:32:04.404,11.89608,11.89932,0.00,0.00
2015.05.29 05:32:05.106,11.89608,11.89912,0.00,0.00
2015.05.29 05:32:06.635,11.89608,11.89901,0.00,0.00
2015.05.29 05:32:06.736,11.89558,11.89882,0.00,0.00
2015.05.29 05:32:06.809,11.89558,11.89861,0.00,0.00
2015.05.29 05:32:07.401,11.89508,11.89812,0.00,0.00
2015.05.29 05:32:09.915,11.89508,11.89802,0.00,0.00
2015.05.29 05:32:10.016,11.89508,11.89812,0.00,0.00
2015.05.29 05:32:10.606,11.89508,11.89831,0.00,0.00
2015.05.29 05:32:15.727,11.89508,11.89822,0.00,0.00
2015.05.29 05:32:16.748,11.89508,11.89811,0.00,0.00
2015.05.29 05:32:19.633,11.89508,11.89832,0.00,0.00
2015.05.29 05:32:19.799,11.89458,11.89782,0.00,0.00
2015.05.29 05:32:20.135,11.89508,11.89812,0.00,0.00
2015.05.29 05:32:20.236,11.89508,11.89832,0.00,0.00
2015.05.29 05:32:32.851,11.89508,11.89748,0.00,0.00
2015.05.29 05:32:33.511,11.89508,11.89832,0.00,0.00
2015.05.29 05:32:34.382,11.89508,11.89811,0.00,0.00
2015.05.29 05:32:38.375,11.89508,11.89832,0.00,0.00
2015.05.29 05:32:42.781,11.89608,11.89841,0.00,0.00
2015.05.29 05:32:42.882,11.89608,11.89868,0.00,0.00
2015.05.29 05:32:42.933,11.89608,11.89902,0.00,0.00
2015.05.29 05:32:42.984,11.89608,11.89922,0.00,0.00
2015.05.29 05:32:43.169,11.89608,11.89911,0.00,0.00
2015.05.29 05:32:43.371,11.89608,11.89931,0.00,0.00
2015.05.29 05:32:44.158,11.89608,11.89921,0.00,0.00
2015.05.29 05:32:44.592,11.89608,11.89912,0.00,0.00
2015.05.29 05:32:44.929,11.89608,11.89901,0.00,0.00
2015.05.29 05:32:45.874,11.89608,11.8991,0.00,0.00
2015.05.29 05:32:46.433,11.89608,11.89911,0.00,0.00
2015.05.29 05:32:46.785,11.89608,11.89902,0.00,0.00
2015.05.29 05:32:46.886,11.89608,11.89911,0.00,0.00
2015.05.29 05:32:47.451,11.89608,11.899,0.00,0.00
2015.05.29 05:32:47.552,11.89608,11.89911,0.00,0.00
2015.05.29 05:32:47.603,11.89608,11.89902,0.00,0.00
2015.05.29 05:32:47.704,11.89608,11.89912,0.00,0.00
2015.05.29 05:32:47.953,11.89608,11.89921,0.00,0.00
2015.05.29 05:32:49.054,11.89608,11.8992,0.00,0.00
2015.05.29 05:32:49.205,11.89608,11.89902,0.00,0.00
2015.05.29 05:32:49.879,11.89608,11.89912,0.00,0.00
2015.05.29 05:32:49.994,11.89608,11.89921,0.00,0.00
2015.05.29 05:32:53.555,11.89629,11.89921,0.00,0.00
2015.05.29 05:32:53.656,11.89658,11.89969,0.00,0.00
2015.05.29 05:32:54.755,11.89709,11.90011,0.00,0.00
2015.05.29 05:32:55.510,11.89709,11.90021,0.00,0.00
2015.05.29 05:32:55.696,11.89709,11.90031,0.00,0.00
2015.05.29 05:32:56.341,11.89709,11.90011,0.00,0.00
2015.05.29 05:32:56.714,11.89709,11.90031,0.00,0.00
2015.05.29 05:32:59.819,11.89709,11.90012,0.00,0.00
2015.05.29 05:33:01.720,11.89709,11.90031,0.00,0.00
2015.05.29 05:33:01.834,11.89709,11.90012,0.00,0.00
2015.05.29 05:33:02.848,11.89709,11.90031,0.00,0.00
2015.05.29 05:33:03.052,11.89709,11.90011,0.00,0.00
2015.05.29 05:33:10.043,11.89709,11.89999,0.00,0.00
2015.05.29 05:33:10.094,11.89658,11.89982,0.00,0.00
2015.05.29 05:33:10.195,11.89708,11.89999,0.00,0.00
2015.05.29 05:33:11.461,11.89708,11.90032,0.00,0.00
2015.05.29 05:33:13.358,11.89708,11.90011,0.00,0.00
2015.05.29 05:33:17.056,11.89708,11.90031,0.00,0.00
2015.05.29 05:33:20.631,11.89708,11.90012,0.00,0.00
2015.05.29 05:33:20.857,11.89708,11.90031,0.00,0.00
2015.05.29 05:33:20.958,11.89758,11.90031,0.00,0.00
2015.05.29 05:33:21.059,11.89758,11.90059,0.00,0.00
2015.05.29 05:33:21.110,11.89758,11.90081,0.00,0.00
2015.05.29 05:33:21.211,11.89808,11.90099,0.00,0.00
2015.05.29 05:33:21.959,11.89808,11.90092,0.00,0.00
2015.05.29 05:33:25.163,11.89759,11.90081,0.00,0.00
2015.05.29 05:34:00.434,11.89769,11.90081,0.00,0.00
2015.05.29 05:34:01.736,11.89759,11.90081,0.00,0.00
2015.05.29 05:34:03.190,11.89751,11.90071,0.00,0.00
2015.05.29 05:34:06.159,11.89751,11.89972,0.00,0.00
2015.05.29 05:34:06.260,11.8973,11.89972,0.00,0.00
2015.05.29 05:34:06.311,11.89669,11.89972,0.00,0.00
2015.05.29 05:34:06.672,11.89659,11.89972,0.00,0.00
2015.05.29 05:34:06.882,11.89651,11.89972,0.00,0.00
2015.05.29 05:34:08.150,11.8968,11.89972,0.00,0.00
2015.05.29 05:34:09.044,11.8967,11.89972,0.00,0.00
2015.05.29 05:34:11.419,11.89669,11.89972,0.00,0.00
2015.05.29 05:34:12.728,11.89651,11.89972,0.00,0.00
2015.05.29 05:34:22.855,11.89669,11.89972,0.00,0.00
2015.05.29 05:34:23.456,11.89659,11.89972,0.00,0.00
2015.05.29 05:34:24.226,11.89651,11.89972,0.00,0.00
2015.05.29 05:34:25.988,11.8967,11.89972,0.00,0.00
2015.05.29 05:34:26.649,11.89669,11.89972,0.00,0.00
2015.05.29 05:34:28.073,11.89659,11.89972,0.00,0.00
2015.05.29 05:34:29.175,11.89651,11.89972,0.00,0.00
2015.05.29 05:34:30.929,11.89659,11.89972,0.00,0.00
2015.05.29 05:34:32.641,11.89679,11.89972,0.00,0.00
2015.05.29 05:34:33.384,11.8967,11.89972,0.00,0.00
2015.05.29 05:34:37.380,11.89689,11.89972,0.00,0.00
2015.05.29 05:34:38.180,11.8968,11.89972,0.00,0.00
2015.05.29 05:34:38.683,11.89651,11.89972,0.00,0.00
2015.05.29 05:34:40.892,11.89659,11.89972,0.00,0.00
2015.05.29 05:34:42.200,11.89669,11.89972,0.00,0.00
2015.05.29 05:34:42.810,11.8967,11.89972,0.00,0.00
2015.05.29 05:34:43.470,11.89669,11.89972,0.00,0.00
2015.05.29 05:34:47.580,11.89679,11.89972,0.00,0.00
2015.05.29 05:34:47.898,11.89699,11.89972,0.00,0.00
2015.05.29 05:34:47.981,11.89689,11.89972,0.00,0.00
2015.05.29 05:34:49.443,11.89669,11.89972,0.00,0.00
2015.05.29 05:34:52.380,11.8966,11.89972,0.00,0.00
2015.05.29 05:34:52.663,11.89668,11.89972,0.00,0.00
2015.05.29 05:34:53.269,11.89669,11.89972,0.00,0.00
2015.05.29 05:34:53.948,11.8967,11.89972,0.00,0.00
2015.05.29 05:34:55.968,11.89751,11.89972,0.00,0.00
2015.05.29 05:34:56.019,11.89751,11.90022,0.00,0.00
2015.05.29 05:34:56.070,11.89751,11.90072,0.00,0.00
2015.05.29 05:34:59.398,11.89751,11.90022,0.00,0.00
2015.05.29 05:34:59.499,11.89702,11.90022,0.00,0.00
2015.05.29 05:34:59.650,11.89702,11.89972,0.00,0.00
2015.05.29 05:35:00.807,11.89651,11.89972,0.00,0.00
2015.05.29 05:35:00.858,11.89668,11.89972,0.00,0.00
2015.05.29 05:35:02.318,11.8969,11.89972,0.00,0.00
2015.05.29 05:35:03.408,11.89651,11.89972,0.00,0.00
2015.05.29 05:35:03.509,11.89669,11.89972,0.00,0.00
2015.05.29 05:35:03.785,11.8966,11.89972,0.00,0.00
2015.05.29 05:35:04.173,11.89651,11.89972,0.00,0.00
2015.05.29 05:35:04.524,11.8967,11.89972,0.00,0.00
2015.05.29 05:35:05.535,11.89689,11.89972,0.00,0.00
2015.05.29 05:35:05.636,11.89679,11.89972,0.00,0.00
2015.05.29 05:35:06.240,11.8968,11.89972,0.00,0.00
2015.05.29 05:35:07.645,11.8967,11.89972,0.00,0.00
2015.05.29 05:35:09.216,11.89669,11.89972,0.00,0.00
2015.05.29 05:35:11.113,11.8967,11.89972,0.00,0.00
2015.05.29 05:35:11.738,11.89651,11.89972,0.00,0.00
2015.05.29 05:35:13.643,11.89668,11.89972,0.00,0.00
2015.05.29 05:35:13.699,11.89651,11.89972,0.00,0.00
2015.05.29 05:35:19.252,11.89669,11.89972,0.00,0.00
2015.05.29 05:35:21.314,11.89651,11.89972,0.00,0.00
2015.05.29 05:35:22.090,11.89752,11.90042,0.00,0.00
2015.05.29 05:35:22.140,11.89752,11.90072,0.00,0.00
2015.05.29 05:35:23.189,11.89759,11.90072,0.00,0.00
2015.05.29 05:35:24.775,11.89752,11.90072,0.00,0.00
2015.05.29 05:35:45.228,11.8977,11.90072,0.00,0.00
2015.05.29 05:35:46.942,11.89752,11.90072,0.00,0.00
2015.05.29 05:35:51.649,11.89702,11.90022,0.00,0.00
2015.05.29 05:35:59.839,11.89702,11.89972,0.00,0.00
2015.05.29 05:35:59.889,11.89668,11.89972,0.00,0.00
2015.05.29 05:36:00.017,11.89651,11.89972,0.00,0.00
2015.05.29 05:36:01.385,11.89668,11.89972,0.00,0.00
2015.05.29 05:36:01.716,11.89658,11.89972,0.00,0.00
2015.05.29 05:36:03.892,11.89659,11.89972,0.00,0.00
2015.05.29 05:36:04.581,11.89568,11.89871,0.00,0.00
2015.05.29 05:36:04.745,11.89551,11.89871,0.00,0.00
2015.05.29 05:36:05.204,11.89568,11.89871,0.00,0.00
2015.05.29 05:36:05.612,11.89558,11.89871,0.00,0.00
2015.05.29 05:36:06.351,11.89578,11.89871,0.00,0.00
2015.05.29 05:36:06.921,11.89551,11.89871,0.00,0.00
2015.05.29 05:36:07.415,11.89558,11.89871,0.00,0.00
2015.05.29 05:36:08.232,11.89559,11.89871,0.00,0.00
2015.05.29 05:36:13.471,11.89551,11.89871,0.00,0.00
2015.05.29 05:36:14.560,11.89559,11.89871,0.00,0.00
2015.05.29 05:36:16.578,11.89551,11.89871,0.00,0.00
2015.05.29 05:36:21.601,11.89558,11.89871,0.00,0.00
2015.05.29 05:36:22.750,11.89568,11.89871,0.00,0.00
2015.05.29 05:36:23.151,11.89551,11.89871,0.00,0.00
2015.05.29 05:36:24.556,11.89559,11.89871,0.00,0.00
2015.05.29 05:36:24.657,11.89551,11.89871,0.00,0.00
2015.05.29 05:36:24.858,11.89568,11.89871,0.00,0.00
2015.05.29 05:36:25.594,11.89551,11.89871,0.00,0.00
2015.05.29 05:36:25.644,11.89568,11.89871,0.00,0.00
2015.05.29 05:36:25.758,11.89551,11.89871,0.00,0.00
2015.05.29 05:36:34.871,11.89568,11.89871,0.00,0.00
2015.05.29 05:36:35.406,11.89551,11.89871,0.00,0.00
2015.05.29 05:36:39.298,11.89558,11.89871,0.00,0.00
2015.05.29 05:36:40.077,11.89551,11.89871,0.00,0.00
2015.05.29 05:36:41.000,11.89569,11.89871,0.00,0.00
2015.05.29 05:36:44.264,11.89569,11.89822,0.00,0.00
2015.05.29 05:36:44.876,11.89568,11.89822,0.00,0.00
2015.05.29 05:36:46.512,11.89559,11.89822,0.00,0.00
2015.05.29 05:36:46.564,11.89552,11.89822,0.00,0.00
2015.05.29 05:36:48.167,11.89538,11.89822,0.00,0.00
2015.05.29 05:36:48.303,11.89518,11.89822,0.00,0.00
2015.05.29 05:36:48.580,11.89501,11.89822,0.00,0.00
2015.05.29 05:36:48.907,11.89501,11.89772,0.00,0.00
2015.05.29 05:36:49.918,11.89452,11.89772,0.00,0.00
2015.05.29 05:36:50.224,11.89468,11.89772,0.00,0.00
2015.05.29 05:36:51.595,11.89459,11.89772,0.00,0.00
2015.05.29 05:36:51.833,11.89452,11.89772,0.00,0.00
2015.05.29 05:36:52.236,11.89469,11.89772,0.00,0.00
2015.05.29 05:36:53.713,11.89452,11.89772,0.00,0.00
2015.05.29 05:36:53.793,11.89459,11.89772,0.00,0.00
2015.05.29 05:36:54.295,11.8946,11.89772,0.00,0.00
2015.05.29 05:36:55.498,11.89479,11.89772,0.00,0.00
2015.05.29 05:36:55.804,11.89499,11.89772,0.00,0.00
2015.05.29 05:36:56.667,11.895,11.89772,0.00,0.00
2015.05.29 05:37:00.533,11.89509,11.89772,0.00,0.00
2015.05.29 05:37:01.122,11.895,11.89772,0.00,0.00
2015.05.29 05:37:01.223,11.89498,11.89822,0.00,0.00
2015.05.29 05:37:01.274,11.89501,11.89822,0.00,0.00
2015.05.29 05:37:01.462,11.89548,11.89872,0.00,0.00
2015.05.29 05:37:01.731,11.89501,11.89771,0.00,0.00
2015.05.29 05:37:02.742,11.8946,11.89771,0.00,0.00
2015.05.29 05:37:02.793,11.89452,11.89771,0.00,0.00
2015.05.29 05:37:04.016,11.89459,11.89771,0.00,0.00
2015.05.29 05:37:07.413,11.89452,11.89771,0.00,0.00
2015.05.29 05:37:08.121,11.89459,11.89771,0.00,0.00
2015.05.29 05:37:08.522,11.89452,11.89771,0.00,0.00
2015.05.29 05:37:08.572,11.89459,11.89771,0.00,0.00
2015.05.29 05:37:09.666,11.8949,11.89771,0.00,0.00
2015.05.29 05:37:10.316,11.89489,11.89771,0.00,0.00
2015.05.29 05:37:11.809,11.8949,11.89771,0.00,0.00
2015.05.29 05:37:12.288,11.8948,11.89771,0.00,0.00
2015.05.29 05:37:12.389,11.8949,11.89771,0.00,0.00
2015.05.29 05:37:12.490,11.89479,11.89771,0.00,0.00
2015.05.29 05:37:12.654,11.8947,11.89771,0.00,0.00
2015.05.29 05:37:13.056,11.89452,11.89771,0.00,0.00
2015.05.29 05:37:13.624,11.89469,11.89771,0.00,0.00
2015.05.29 05:37:14.030,11.8948,11.89771,0.00,0.00
2015.05.29 05:37:15.467,11.89469,11.89771,0.00,0.00
2015.05.29 05:37:17.097,11.8948,11.89771,0.00,0.00
2015.05.29 05:37:17.706,11.89479,11.89771,0.00,0.00
2015.05.29 05:37:20.325,11.89489,11.89771,0.00,0.00
2015.05.29 05:37:21.018,11.89499,11.89771,0.00,0.00
2015.05.29 05:37:21.404,11.89509,11.89771,0.00,0.00
2015.05.29 05:37:22.002,11.8951,11.89771,0.00,0.00
2015.05.29 05:37:24.497,11.895,11.89771,0.00,0.00
2015.05.29 05:37:25.118,11.89499,11.89771,0.00,0.00
2015.05.29 05:37:25.902,11.89479,11.89771,0.00,0.00
2015.05.29 05:37:26.103,11.89469,11.89771,0.00,0.00
2015.05.29 05:37:26.204,11.89479,11.89771,0.00,0.00
2015.05.29 05:37:26.792,11.8949,11.89771,0.00,0.00
2015.05.29 05:37:29.333,11.89489,11.89771,0.00,0.00
2015.05.29 05:37:29.683,11.89499,11.89771,0.00,0.00
2015.05.29 05:37:30.152,11.89479,11.89771,0.00,0.00
2015.05.29 05:37:34.354,11.89499,11.89771,0.00,0.00
2015.05.29 05:37:34.456,11.89449,11.89771,0.00,0.00
2015.05.29 05:37:34.908,11.89459,11.89771,0.00,0.00
2015.05.29 05:37:36.058,11.89458,11.89772,0.00,0.00
2015.05.29 05:37:37.556,11.89502,11.89772,0.00,0.00
2015.05.29 05:37:37.607,11.89502,11.89822,0.00,0.00
2015.05.29 05:37:37.820,11.89509,11.89822,0.00,0.00
2015.05.29 05:37:38.022,11.89502,11.89822,0.00,0.00
2015.05.29 05:37:38.220,11.89509,11.89822,0.00,0.00
2015.05.29 05:37:38.752,11.89548,11.89872,0.00,0.00
2015.05.29 05:37:38.806,11.89558,11.89872,0.00,0.00
2015.05.29 05:37:43.236,11.89552,11.89872,0.00,0.00
2015.05.29 05:37:45.290,11.89558,11.89872,0.00,0.00
2015.05.29 05:37:46.222,11.89552,11.89872,0.00,0.00
2015.05.29 05:37:49.095,11.89559,11.89872,0.00,0.00
2015.05.29 05:37:51.309,11.89552,11.89872,0.00,0.00
2015.05.29 05:37:58.706,11.89559,11.89872,0.00,0.00
2015.05.29 05:37:59.850,11.89552,11.89872,0.00,0.00
2015.05.29 05:38:00.308,11.89558,11.89872,0.00,0.00
2015.05.29 05:38:00.670,11.89601,11.89872,0.00,0.00
2015.05.29 05:38:01.164,11.89659,11.89971,0.00,0.00
2015.05.29 05:38:01.409,11.89649,11.89971,0.00,0.00
2015.05.29 05:38:02.085,11.89651,11.89971,0.00,0.00
2015.05.29 05:38:23.535,11.89649,11.89971,0.00,0.00
2015.05.29 05:38:23.586,11.89629,11.89922,0.00,0.00
2015.05.29 05:38:23.687,11.89649,11.89971,0.00,0.00
2015.05.29 05:38:24.024,11.89638,11.89922,0.00,0.00
2015.05.29 05:38:24.075,11.89629,11.89922,0.00,0.00
2015.05.29 05:38:24.176,11.89601,11.89922,0.00,0.00
2015.05.29 05:38:24.277,11.89609,11.89922,0.00,0.00
2015.05.29 05:38:24.378,11.89601,11.89922,0.00,0.00
2015.05.29 05:38:26.352,11.89619,11.89922,0.00,0.00
2015.05.29 05:38:26.453,11.89652,11.89971,0.00,0.00
2015.05.29 05:38:39.975,11.89658,11.89982,0.00,0.00
2015.05.29 05:39:05.957,11.89618,11.89932,0.00,0.00
2015.05.29 05:39:06.008,11.89608,11.89932,0.00,0.00
2015.05.29 05:39:30.294,11.89608,11.89881,0.00,0.00
2015.05.29 05:39:30.445,11.89559,11.89881,0.00,0.00
2015.05.29 05:39:30.879,11.89551,11.89832,0.00,0.00
2015.05.29 05:39:30.980,11.89569,11.89881,0.00,0.00
2015.05.29 05:39:32.351,11.89559,11.89881,0.00,0.00
2015.05.29 05:39:37.085,11.89569,11.89881,0.00,0.00
2015.05.29 05:39:38.952,11.89559,11.89881,0.00,0.00
2015.05.29 05:39:43.772,11.8957,11.89881,0.00,0.00
2015.05.29 05:39:43.826,11.89609,11.89922,0.00,0.00
2015.05.29 05:39:43.877,11.8963,11.89931,0.00,0.00
2015.05.29 05:39:43.978,11.89659,11.89981,0.00,0.00
2015.05.29 05:40:00.556,11.89638,11.89931,0.00,0.00
2015.05.29 05:40:00.607,11.89629,11.89931,0.00,0.00
2015.05.29 05:40:00.708,11.89658,11.89982,0.00,0.00
2015.05.29 05:40:01.256,11.89659,11.89982,0.00,0.00
2015.05.29 05:40:12.840,11.8973,11.89982,0.00,0.00
2015.05.29 05:40:12.941,11.89688,11.89982,0.00,0.00
2015.05.29 05:40:13.005,11.89658,11.89982,0.00,0.00
2015.05.29 05:40:15.207,11.89669,11.89982,0.00,0.00
2015.05.29 05:40:17.077,11.89658,11.89982,0.00,0.00
2015.05.29 05:40:18.595,11.89638,11.89882,0.00,0.00
2015.05.29 05:40:18.646,11.89601,11.89882,0.00,0.00
2015.05.29 05:40:19.841,11.89569,11.89882,0.00,0.00
2015.05.29 05:40:20.267,11.89608,11.89922,0.00,0.00
2015.05.29 05:40:20.367,11.89608,11.89932,0.00,0.00
2015.05.29 05:40:20.418,11.89619,11.89932,0.00,0.00
2015.05.29 05:40:20.915,11.89559,11.89881,0.00,0.00
2015.05.29 05:40:22.159,11.8956,11.89881,0.00,0.00
2015.05.29 05:40:24.365,11.89559,11.89881,0.00,0.00
2015.05.29 05:40:24.966,11.8956,11.89881,0.00,0.00
2015.05.29 05:40:26.169,11.89559,11.89881,0.00,0.00
2015.05.29 05:40:26.425,11.89568,11.89881,0.00,0.00
2015.05.29 05:40:27.134,11.8957,11.89881,0.00,0.00
2015.05.29 05:40:28.375,11.89569,11.89881,0.00,0.00
2015.05.29 05:40:38.907,11.8956,11.89881,0.00,0.00
2015.05.29 05:40:41.027,11.89559,11.89881,0.00,0.00
2015.05.29 05:40:41.919,11.89569,11.89881,0.00,0.00
2015.05.29 05:40:42.602,11.89579,11.89881,0.00,0.00
2015.05.29 05:40:44.708,11.89608,11.89932,0.00,0.00
2015.05.29 05:40:44.759,11.89618,11.89932,0.00,0.00
2015.05.29 05:40:45.128,11.89602,11.89882,0.00,0.00
2015.05.29 05:40:45.224,11.89558,11.89882,0.00,0.00
2015.05.29 05:40:45.379,11.89568,11.89882,0.00,0.00
2015.05.29 05:40:46.872,11.89629,11.89931,0.00,0.00
2015.05.29 05:40:47.185,11.89658,11.89931,0.00,0.00
2015.05.29 05:40:47.337,11.89659,11.89981,0.00,0.00
2015.05.29 05:40:47.899,11.89638,11.89931,0.00,0.00
2015.05.29 05:40:50.371,11.89609,11.89931,0.00,0.00
2015.05.29 05:40:50.596,11.89602,11.89881,0.00,0.00
2015.05.29 05:40:51.612,11.89609,11.89931,0.00,0.00
2015.05.29 05:40:51.713,11.89619,11.89931,0.00,0.00
2015.05.29 05:40:51.979,11.89609,11.89931,0.00,0.00
2015.05.29 05:40:53.519,11.89619,11.89931,0.00,0.00
2015.05.29 05:40:54.370,11.89609,11.89931,0.00,0.00
2015.05.29 05:40:55.572,11.89618,11.89931,0.00,0.00
2015.05.29 05:40:56.273,11.89609,11.89931,0.00,0.00
2015.05.29 05:40:56.798,11.89652,11.89931,0.00,0.00
2015.05.29 05:40:56.908,11.89659,11.89981,0.00,0.00
2015.05.29 05:40:58.046,11.89652,11.89931,0.00,0.00
2015.05.29 05:40:58.204,11.89609,11.89931,0.00,0.00
2015.05.29 05:40:58.476,11.89618,11.89931,0.00,0.00
2015.05.29 05:41:00.415,11.89609,11.89931,0.00,0.00
2015.05.29 05:41:00.921,11.89629,11.89931,0.00,0.00
2015.05.29 05:41:00.972,11.89658,11.89982,0.00,0.00
2015.05.29 05:41:01.485,11.89659,11.89982,0.00,0.00
2015.05.29 05:41:02.392,11.89658,11.89982,0.00,0.00
2015.05.29 05:41:03.310,11.89668,11.89982,0.00,0.00
2015.05.29 05:41:03.638,11.89702,11.89982,0.00,0.00
2015.05.29 05:41:04.622,11.89669,11.89982,0.00,0.00
2015.05.29 05:41:06.621,11.89758,11.90082,0.00,0.00
2015.05.29 05:41:13.472,11.89769,11.90082,0.00,0.00
2015.05.29 05:41:14.775,11.8977,11.90082,0.00,0.00
2015.05.29 05:41:15.360,11.89769,11.90082,0.00,0.00
2015.05.29 05:41:15.477,11.8976,11.90082,0.00,0.00
2015.05.29 05:41:15.578,11.89759,11.90052,0.00,0.00
2015.05.29 05:41:16.020,11.89751,11.90052,0.00,0.00
2015.05.29 05:41:17.565,11.89702,11.90001,0.00,0.00
2015.05.29 05:41:19.367,11.89679,11.90001,0.00,0.00
2015.05.29 05:41:19.679,11.89659,11.89951,0.00,0.00
2015.05.29 05:41:20.008,11.8967,11.89951,0.00,0.00
2015.05.29 05:41:20.892,11.89668,11.89951,0.00,0.00
2015.05.29 05:41:21.422,11.8967,11.89951,0.00,0.00
2015.05.29 05:41:22.604,11.89668,11.89951,0.00,0.00
2015.05.29 05:41:23.293,11.89669,11.89951,0.00,0.00
2015.05.29 05:41:24.420,11.89668,11.89951,0.00,0.00
2015.05.29 05:41:24.560,11.89652,11.89951,0.00,0.00
2015.05.29 05:41:31.228,11.89659,11.89951,0.00,0.00
2015.05.29 05:41:31.278,11.89652,11.89951,0.00,0.00
2015.05.29 05:41:31.329,11.89649,11.89852,0.00,0.00
2015.05.29 05:41:31.380,11.89609,11.89852,0.00,0.00
2015.05.29 05:41:31.481,11.89602,11.89852,0.00,0.00
2015.05.29 05:41:32.635,11.89559,11.89852,0.00,0.00
2015.05.29 05:41:34.383,11.89551,11.89852,0.00,0.00
2015.05.29 05:41:35.443,11.89558,11.89852,0.00,0.00
2015.05.29 05:41:36.769,11.89568,11.89852,0.00,0.00
2015.05.29 05:41:39.986,11.89551,11.89852,0.00,0.00
2015.05.29 05:41:41.389,11.89559,11.89852,0.00,0.00
2015.05.29 05:41:41.988,11.89569,11.89852,0.00,0.00
2015.05.29 05:41:42.493,11.8958,11.89852,0.00,0.00
2015.05.29 05:41:42.594,11.8957,11.89852,0.00,0.00
2015.05.29 05:41:43.096,11.8958,11.89852,0.00,0.00
2015.05.29 05:41:43.877,11.89579,11.89852,0.00,0.00
2015.05.29 05:41:45.198,11.896,11.89852,0.00,0.00
2015.05.29 05:41:45.619,11.89589,11.89852,0.00,0.00
2015.05.29 05:41:54.595,11.896,11.89852,0.00,0.00
2015.05.29 05:41:56.557,11.89599,11.89852,0.00,0.00
2015.05.29 05:41:57.110,11.89609,11.89852,0.00,0.00
2015.05.29 05:41:58.229,11.8965,11.89852,0.00,0.00
2015.05.29 05:41:58.280,11.8965,11.89902,0.00,0.00
2015.05.29 05:41:58.331,11.89639,11.89902,0.00,0.00
2015.05.29 05:41:58.432,11.89659,11.89952,0.00,0.00
2015.05.29 05:41:58.792,11.89638,11.89952,0.00,0.00
2015.05.29 05:41:59.304,11.89639,11.89952,0.00,0.00
2015.05.29 05:41:59.807,11.89652,11.89901,0.00,0.00
2015.05.29 05:42:01.013,11.89601,11.89901,0.00,0.00
2015.05.29 05:42:01.322,11.89629,11.89951,0.00,0.00
2015.05.29 05:42:01.524,11.89658,11.89951,0.00,0.00
2015.05.29 05:42:06.903,11.89651,11.89951,0.00,0.00
2015.05.29 05:42:15.767,11.89639,11.89902,0.00,0.00
2015.05.29 05:42:15.818,11.89629,11.89902,0.00,0.00
2015.05.29 05:42:15.919,11.89608,11.89902,0.00,0.00
2015.05.29 05:42:15.970,11.89601,11.89902,0.00,0.00
2015.05.29 05:42:20.069,11.89578,11.89902,0.00,0.00
2015.05.29 05:42:20.170,11.89552,11.89852,0.00,0.00
2015.05.29 05:42:20.491,11.89569,11.89852,0.00,0.00
2015.05.29 05:42:25.509,11.8958,11.89852,0.00,0.00
2015.05.29 05:42:28.530,11.89569,11.89852,0.00,0.00
2015.05.29 05:42:29.104,11.89559,11.89852,0.00,0.00
2015.05.29 05:42:29.706,11.8956,11.89852,0.00,0.00
2015.05.29 05:42:33.916,11.89559,11.89852,0.00,0.00
2015.05.29 05:42:36.422,11.8956,11.89852,0.00,0.00
2015.05.29 05:42:37.587,11.89552,11.89852,0.00,0.00
2015.05.29 05:42:43.539,11.89559,11.89852,0.00,0.00
2015.05.29 05:42:44.315,11.8956,11.89852,0.00,0.00
2015.05.29 05:42:44.742,11.8957,11.89852,0.00,0.00
2015.05.29 05:42:45.685,11.89559,11.89852,0.00,0.00
2015.05.29 05:42:54.081,11.89559,11.89752,0.00,0.00
2015.05.29 05:42:54.201,11.89479,11.89752,0.00,0.00
2015.05.29 05:42:54.309,11.8946,11.89752,0.00,0.00
2015.05.29 05:42:54.568,11.89451,11.89752,0.00,0.00
2015.05.29 05:42:55.184,11.89459,11.89752,0.00,0.00
2015.05.29 05:42:55.285,11.89451,11.89752,0.00,0.00
2015.05.29 05:42:56.273,11.89459,11.89752,0.00,0.00
2015.05.29 05:42:57.175,11.8946,11.89752,0.00,0.00
2015.05.29 05:42:58.454,11.8947,11.89752,0.00,0.00
2015.05.29 05:42:58.986,11.89469,11.89752,0.00,0.00
2015.05.29 05:43:01.705,11.8946,11.89752,0.00,0.00
2015.05.29 05:43:02.009,11.89451,11.89752,0.00,0.00
2015.05.29 05:43:03.068,11.89402,11.89652,0.00,0.00
2015.05.29 05:43:04.451,11.8938,11.89652,0.00,0.00
2015.05.29 05:43:05.122,11.89379,11.89652,0.00,0.00
2015.05.29 05:43:05.537,11.89352,11.89652,0.00,0.00
2015.05.29 05:43:08.124,11.89369,11.89652,0.00,0.00
2015.05.29 05:43:08.630,11.8937,11.89652,0.00,0.00
2015.05.29 05:43:09.932,11.89379,11.89652,0.00,0.00
2015.05.29 05:43:10.064,11.89359,11.89652,0.00,0.00
2015.05.29 05:43:10.658,11.8936,11.89652,0.00,0.00
2015.05.29 05:43:11.763,11.8938,11.89652,0.00,0.00
2015.05.29 05:43:12.764,11.89359,11.89652,0.00,0.00
2015.05.29 05:43:14.443,11.8936,11.89652,0.00,0.00
2015.05.29 05:43:15.024,11.89359,11.89652,0.00,0.00
2015.05.29 05:43:25.975,11.89371,11.89652,0.00,0.00
2015.05.29 05:43:26.323,11.89452,11.89652,0.00,0.00
2015.05.29 05:43:29.940,11.89452,11.89751,0.00,0.00
2015.05.29 05:43:32.096,11.8948,11.89751,0.00,0.00
2015.05.29 05:43:32.398,11.89489,11.89751,0.00,0.00
2015.05.29 05:43:32.499,11.89479,11.89751,0.00,0.00
2015.05.29 05:43:34.300,11.89502,11.89751,0.00,0.00
2015.05.29 05:43:34.351,11.89502,11.89802,0.00,0.00
2015.05.29 05:43:34.567,11.89509,11.89802,0.00,0.00
2015.05.29 05:43:34.669,11.89502,11.89802,0.00,0.00
2015.05.29 05:43:34.797,11.89502,11.89752,0.00,0.00
2015.05.29 05:43:35.620,11.8946,11.89752,0.00,0.00
2015.05.29 05:43:36.536,11.89459,11.89752,0.00,0.00
2015.05.29 05:43:37.267,11.8946,11.89752,0.00,0.00
2015.05.29 05:43:43.391,11.89459,11.89752,0.00,0.00
2015.05.29 05:43:43.492,11.89451,11.89752,0.00,0.00
2015.05.29 05:43:44.796,11.89438,11.89702,0.00,0.00
2015.05.29 05:43:44.900,11.89429,11.89752,0.00,0.00
2015.05.29 05:43:45.451,11.8943,11.89752,0.00,0.00
2015.05.29 05:43:45.559,11.89448,11.89752,0.00,0.00
2015.05.29 05:43:46.180,11.89452,11.89752,0.00,0.00
2015.05.29 05:43:51.623,11.89452,11.89652,0.00,0.00
2015.05.29 05:43:51.724,11.89388,11.89652,0.00,0.00
2015.05.29 05:43:51.775,11.89369,11.89652,0.00,0.00
2015.05.29 05:43:51.876,11.89359,11.89652,0.00,0.00
2015.05.29 05:43:52.772,11.8936,11.89652,0.00,0.00
2015.05.29 05:43:53.371,11.89359,11.89652,0.00,0.00
2015.05.29 05:43:53.422,11.89351,11.89652,0.00,0.00
2015.05.29 05:43:53.621,11.89359,11.89652,0.00,0.00
2015.05.29 05:43:56.792,11.89451,11.89751,0.00,0.00
2015.05.29 05:44:00.006,11.89451,11.89772,0.00,0.00
2015.05.29 05:44:05.360,11.89451,11.89722,0.00,0.00
2015.05.29 05:44:05.461,11.89408,11.89722,0.00,0.00
2015.05.29 05:44:05.512,11.89402,11.89672,0.00,0.00
2015.05.29 05:44:06.205,11.89402,11.89722,0.00,0.00
2015.05.29 05:44:06.620,11.89408,11.89722,0.00,0.00
2015.05.29 05:44:06.850,11.89351,11.89671,0.00,0.00
2015.05.29 05:44:07.001,11.89359,11.89671,0.00,0.00
2015.05.29 05:44:07.274,11.89398,11.89722,0.00,0.00
2015.05.29 05:44:07.375,11.89359,11.89672,0.00,0.00
2015.05.29 05:44:07.859,11.89379,11.89672,0.00,0.00
2015.05.29 05:44:08.447,11.89369,11.89672,0.00,0.00
2015.05.29 05:44:08.584,11.89359,11.89672,0.00,0.00
2015.05.29 05:44:09.098,11.8936,11.89672,0.00,0.00
2015.05.29 05:44:12.909,11.89369,11.89672,0.00,0.00
2015.05.29 05:44:13.654,11.8937,11.89672,0.00,0.00
2015.05.29 05:44:14.263,11.89369,11.89672,0.00,0.00
2015.05.29 05:44:15.763,11.89359,11.89672,0.00,0.00
2015.05.29 05:44:15.813,11.89369,11.89672,0.00,0.00
2015.05.29 05:44:19.436,11.8937,11.89672,0.00,0.00
2015.05.29 05:44:20.173,11.89351,11.89672,0.00,0.00
2015.05.29 05:44:27.696,11.89329,11.89621,0.00,0.00
2015.05.29 05:44:27.848,11.89349,11.89671,0.00,0.00
2015.05.29 05:44:29.530,11.89351,11.89671,0.00,0.00
2015.05.29 05:44:29.945,11.89359,11.89671,0.00,0.00
2015.05.29 05:44:30.104,11.89351,11.89671,0.00,0.00
2015.05.29 05:44:51.265,11.89359,11.89671,0.00,0.00
2015.05.29 05:44:51.847,11.8936,11.89671,0.00,0.00
2015.05.29 05:44:53.871,11.89351,11.89671,0.00,0.00
2015.05.29 05:45:00.993,11.89369,11.89671,0.00,0.00
2015.05.29 05:45:01.610,11.8936,11.89671,0.00,0.00
2015.05.29 05:45:01.780,11.89451,11.89671,0.00,0.00
2015.05.29 05:45:01.830,11.8946,11.89771,0.00,0.00
2015.05.29 05:45:01.931,11.89451,11.89771,0.00,0.00
2015.05.29 05:45:02.420,11.89499,11.89821,0.00,0.00
2015.05.29 05:45:03.180,11.89502,11.89821,0.00,0.00
2015.05.29 05:45:07.604,11.89551,11.89821,0.00,0.00
2015.05.29 05:45:07.655,11.89551,11.89872,0.00,0.00
2015.05.29 05:45:09.402,11.89551,11.89821,0.00,0.00
2015.05.29 05:45:09.453,11.89529,11.89821,0.00,0.00
2015.05.29 05:45:09.554,11.89548,11.89872,0.00,0.00
2015.05.29 05:45:10.779,11.89551,11.89872,0.00,0.00
2015.05.29 05:45:12.757,11.89501,11.89822,0.00,0.00
2015.05.29 05:45:13.579,11.89501,11.89792,0.00,0.00
2015.05.29 05:45:13.890,11.89529,11.89841,0.00,0.00
2015.05.29 05:45:14.092,11.89552,11.89841,0.00,0.00
2015.05.29 05:45:15.764,11.89529,11.89792,0.00,0.00
2015.05.29 05:45:15.814,11.89502,11.89792,0.00,0.00
2015.05.29 05:45:18.019,11.89529,11.89792,0.00,0.00
2015.05.29 05:45:18.120,11.89552,11.89841,0.00,0.00
2015.05.29 05:45:20.625,11.89502,11.89791,0.00,0.00
2015.05.29 05:45:25.282,11.89509,11.89791,0.00,0.00
2015.05.29 05:45:25.333,11.89552,11.89842,0.00,0.00
2015.05.29 05:45:27.682,11.89501,11.89791,0.00,0.00
2015.05.29 05:45:49.134,11.89529,11.89842,0.00,0.00
2015.05.29 05:45:49.185,11.89551,11.89842,0.00,0.00
2015.05.29 05:45:50.384,11.89528,11.89842,0.00,0.00
2015.05.29 05:45:50.434,11.89508,11.89792,0.00,0.00
2015.05.29 05:45:50.535,11.89501,11.89792,0.00,0.00
2015.05.29 05:46:01.651,11.89451,11.89741,0.00,0.00
2015.05.29 05:46:02.458,11.8946,11.89741,0.00,0.00
2015.05.29 05:46:08.550,11.89459,11.89741,0.00,0.00
2015.05.29 05:46:09.744,11.89469,11.89741,0.00,0.00
2015.05.29 05:46:10.632,11.8947,11.89741,0.00,0.00
2015.05.29 05:46:11.048,11.89459,11.89741,0.00,0.00
2015.05.29 05:46:11.750,11.89469,11.89741,0.00,0.00
2015.05.29 05:46:15.276,11.89459,11.89741,0.00,0.00
2015.05.29 05:46:15.597,11.89429,11.89741,0.00,0.00
2015.05.29 05:46:16.100,11.89428,11.89742,0.00,0.00
2015.05.29 05:46:17.298,11.89429,11.89742,0.00,0.00
2015.05.29 05:46:17.349,11.89451,11.89742,0.00,0.00
2015.05.29 05:46:25.524,11.89401,11.89691,0.00,0.00
2015.05.29 05:46:28.757,11.89428,11.89742,0.00,0.00
2015.05.29 05:46:28.807,11.89451,11.89742,0.00,0.00
2015.05.29 05:46:40.034,11.89428,11.89742,0.00,0.00
2015.05.29 05:46:40.090,11.89402,11.89691,0.00,0.00
2015.05.29 05:46:40.593,11.89429,11.89741,0.00,0.00
2015.05.29 05:46:41.418,11.89451,11.89741,0.00,0.00
2015.05.29 05:46:42.987,11.89501,11.89792,0.00,0.00
2015.05.29 05:46:43.038,11.89501,11.89741,0.00,0.00
2015.05.29 05:46:44.314,11.89452,11.89741,0.00,0.00
2015.05.29 05:46:46.798,11.89452,11.89692,0.00,0.00
2015.05.29 05:46:46.848,11.89401,11.89692,0.00,0.00
2015.05.29 05:46:50.568,11.89351,11.89642,0.00,0.00
2015.05.29 05:46:52.132,11.89401,11.89692,0.00,0.00
2015.05.29 05:46:54.351,11.89429,11.89741,0.00,0.00
2015.05.29 05:46:54.402,11.89451,11.89741,0.00,0.00
2015.05.29 05:47:00.763,11.89459,11.89741,0.00,0.00
2015.05.29 05:47:00.863,11.89451,11.89741,0.00,0.00
2015.05.29 05:47:05.137,11.89528,11.89831,0.00,0.00
2015.05.29 05:47:05.188,11.89551,11.89831,0.00,0.00
2015.05.29 05:47:05.239,11.89551,11.89842,0.00,0.00
2015.05.29 05:47:35.233,11.8953,11.89842,0.00,0.00
2015.05.29 05:47:35.284,11.89502,11.89792,0.00,0.00
2015.05.29 05:47:36.054,11.89502,11.89741,0.00,0.00
2015.05.29 05:47:36.747,11.89451,11.89741,0.00,0.00
2015.05.29 05:47:40.318,11.89501,11.89741,0.00,0.00
2015.05.29 05:47:40.381,11.89501,11.89792,0.00,0.00
2015.05.29 05:47:40.483,11.8955,11.89841,0.00,0.00
2015.05.29 05:47:40.584,11.89539,11.89841,0.00,0.00
2015.05.29 05:47:40.856,11.89529,11.89841,0.00,0.00
2015.05.29 05:47:41.655,11.8953,11.89841,0.00,0.00
2015.05.29 05:47:41.705,11.89551,11.89841,0.00,0.00
2015.05.29 05:47:44.246,11.89501,11.89742,0.00,0.00
2015.05.29 05:47:44.568,11.89451,11.89742,0.00,0.00
2015.05.29 05:48:04.359,11.8944,11.89742,0.00,0.00
2015.05.29 05:48:04.417,11.8944,11.89641,0.00,0.00
2015.05.29 05:48:04.468,11.89429,11.89641,0.00,0.00
2015.05.29 05:48:04.569,11.89429,11.89742,0.00,0.00
2015.05.29 05:48:04.670,11.89449,11.89742,0.00,0.00
2015.05.29 05:48:05.332,11.89502,11.89741,0.00,0.00
2015.05.29 05:48:06.446,11.89452,11.89741,0.00,0.00
2015.05.29 05:48:08.132,11.8943,11.89741,0.00,0.00
2015.05.29 05:48:08.183,11.89401,11.89692,0.00,0.00
2015.05.29 05:48:11.691,11.89438,11.89692,0.00,0.00
2015.05.29 05:48:13.278,11.89439,11.89692,0.00,0.00
2015.05.29 05:48:13.847,11.89409,11.89692,0.00,0.00
2015.05.29 05:48:15.759,11.89419,11.89692,0.00,0.00
2015.05.29 05:48:17.886,11.89452,11.89692,0.00,0.00
2015.05.29 05:48:17.946,11.89452,11.89742,0.00,0.00
2015.05.29 05:48:18.097,11.89498,11.89742,0.00,0.00
2015.05.29 05:48:18.353,11.89479,11.89742,0.00,0.00
2015.05.29 05:48:18.455,11.89508,11.89742,0.00,0.00
2015.05.29 05:48:18.654,11.89468,11.89742,0.00,0.00
2015.05.29 05:48:19.669,11.89539,11.89742,0.00,0.00
2015.05.29 05:48:19.926,11.89539,11.89791,0.00,0.00
2015.05.29 05:48:19.976,11.89549,11.89791,0.00,0.00
2015.05.29 05:48:20.332,11.89588,11.89791,0.00,0.00
2015.05.29 05:48:21.760,11.89578,11.89791,0.00,0.00
2015.05.29 05:48:25.163,11.89569,11.89791,0.00,0.00
2015.05.29 05:48:25.782,11.89588,11.89742,0.00,0.00
2015.05.29 05:48:25.883,11.89528,11.89741,0.00,0.00
2015.05.29 05:48:25.984,11.89509,11.89741,0.00,0.00
2015.05.29 05:48:27.566,11.89518,11.89741,0.00,0.00
2015.05.29 05:48:28.467,11.89509,11.89741,0.00,0.00
2015.05.29 05:48:29.769,11.89539,11.89741,0.00,0.00
2015.05.29 05:48:33.676,11.89508,11.89741,0.00,0.00
2015.05.29 05:48:35.105,11.89518,11.89741,0.00,0.00
2015.05.29 05:48:36.111,11.89528,11.89842,0.00,0.00
2015.05.29 05:48:36.162,11.89608,11.89842,0.00,0.00
2015.05.29 05:48:36.795,11.89609,11.89842,0.00,0.00
2015.05.29 05:48:37.584,11.89599,11.89842,0.00,0.00
2015.05.29 05:48:41.850,11.89608,11.89842,0.00,0.00
2015.05.29 05:48:44.130,11.89618,11.89842,0.00,0.00
2015.05.29 05:48:45.521,11.89599,11.89842,0.00,0.00
2015.05.29 05:48:48.500,11.89619,11.89842,0.00,0.00
2015.05.29 05:48:49.206,11.89579,11.89842,0.00,0.00
2015.05.29 05:48:56.316,11.89589,11.89842,0.00,0.00
2015.05.29 05:48:56.539,11.89579,11.89842,0.00,0.00
2015.05.29 05:48:56.640,11.89588,11.89842,0.00,0.00
2015.05.29 05:48:56.741,11.89578,11.89842,0.00,0.00
2015.05.29 05:48:56.941,11.89589,11.89842,0.00,0.00
2015.05.29 05:48:57.115,11.89579,11.89842,0.00,0.00
2015.05.29 05:49:15.639,11.89589,11.89842,0.00,0.00
2015.05.29 05:49:29.958,11.89558,11.89842,0.00,0.00
2015.05.29 05:49:32.080,11.89598,11.89842,0.00,0.00
2015.05.29 05:49:39.083,11.89579,11.89842,0.00,0.00
2015.05.29 05:49:41.185,11.89598,11.89842,0.00,0.00
2015.05.29 05:49:43.188,11.89578,11.89842,0.00,0.00
2015.05.29 05:49:49.468,11.89578,11.8995,0.00,0.00
2015.05.29 05:49:55.704,11.89588,11.8995,0.00,0.00
2015.05.29 05:49:57.162,11.89588,11.89941,0.00,0.00
2015.05.29 05:49:58.708,11.89578,11.89941,0.00,0.00
2015.05.29 05:49:58.759,11.89578,11.89931,0.00,0.00
2015.05.29 05:49:59.266,11.89558,11.8993,0.00,0.00
2015.05.29 05:49:59.533,11.89558,11.8994,0.00,0.00
2015.05.29 05:49:59.651,11.89569,11.89941,0.00,0.00
2015.05.29 05:50:00.836,11.89569,11.89931,0.00,0.00
2015.05.29 05:50:01.414,11.89558,11.89931,0.00,0.00
2015.05.29 05:50:01.464,11.89558,11.89921,0.00,0.00
2015.05.29 05:50:02.042,11.89558,11.89901,0.00,0.00
2015.05.29 05:50:04.260,11.89558,11.8991,0.00,0.00
2015.05.29 05:50:06.635,11.89558,11.89879,0.00,0.00
2015.05.29 05:50:06.990,11.89528,11.89791,0.00,0.00
2015.05.29 05:50:10.925,11.89478,11.89742,0.00,0.00
2015.05.29 05:50:11.165,11.89499,11.89742,0.00,0.00
2015.05.29 05:50:11.366,11.89478,11.89742,0.00,0.00
2015.05.29 05:50:15.671,11.89488,11.89742,0.00,0.00
2015.05.29 05:50:32.343,11.89498,11.89742,0.00,0.00
2015.05.29 05:50:49.574,11.89529,11.89742,0.00,0.00
2015.05.29 05:50:49.675,11.89568,11.89792,0.00,0.00
2015.05.29 05:50:49.776,11.89528,11.89791,0.00,0.00
2015.05.29 05:50:49.827,11.89569,11.89791,0.00,0.00
2015.05.29 05:50:49.928,11.89559,11.89791,0.00,0.00
2015.05.29 05:50:50.029,11.89548,11.89791,0.00,0.00
2015.05.29 05:50:50.130,11.89529,11.89791,0.00,0.00
2015.05.29 05:50:51.943,11.89548,11.89791,0.00,0.00
2015.05.29 05:50:52.427,11.89528,11.89791,0.00,0.00
2015.05.29 05:50:53.494,11.89479,11.89742,0.00,0.00
2015.05.29 05:50:55.725,11.89488,11.89742,0.00,0.00
2015.05.29 05:51:00.881,11.89499,11.89742,0.00,0.00
2015.05.29 05:51:06.265,11.89499,11.89732,0.00,0.00
2015.05.29 05:51:06.371,11.89478,11.89732,0.00,0.00
2015.05.29 05:51:08.677,11.89502,11.89781,0.00,0.00
2015.05.29 05:51:08.778,11.89529,11.89781,0.00,0.00
2015.05.29 05:51:09.326,11.89548,11.89781,0.00,0.00
2015.05.29 05:51:09.783,11.89502,11.89731,0.00,0.00
2015.05.29 05:51:10.107,11.89478,11.89731,0.00,0.00
2015.05.29 05:51:10.281,11.89498,11.89731,0.00,0.00
2015.05.29 05:51:18.066,11.89498,11.89732,0.00,0.00
2015.05.29 05:51:18.354,11.89489,11.89732,0.00,0.00
2015.05.29 05:51:26.463,11.89498,11.89732,0.00,0.00
2015.05.29 05:51:29.567,11.89488,11.89732,0.00,0.00
2015.05.29 05:51:30.233,11.89408,11.89632,0.00,0.00
2015.05.29 05:51:30.284,11.89389,11.89632,0.00,0.00
2015.05.29 05:51:30.887,11.89409,11.89632,0.00,0.00
2015.05.29 05:51:30.988,11.89388,11.89632,0.00,0.00
2015.05.29 05:51:33.753,11.89398,11.89722,0.00,0.00
2015.05.29 05:51:33.804,11.89408,11.89722,0.00,0.00
2015.05.29 05:51:35.878,11.89399,11.89722,0.00,0.00
2015.05.29 05:51:36.684,11.89398,11.89722,0.00,0.00
2015.05.29 05:51:41.587,11.89399,11.89722,0.00,0.00
2015.05.29 05:51:41.688,11.89418,11.89722,0.00,0.00
2015.05.29 05:51:41.789,11.89449,11.89771,0.00,0.00
2015.05.29 05:51:43.550,11.89439,11.89721,0.00,0.00
2015.05.29 05:51:43.601,11.89399,11.89721,0.00,0.00
2015.05.29 05:51:45.768,11.89348,11.89672,0.00,0.00
2015.05.29 05:52:00.851,11.89399,11.89719,0.00,0.00
2015.05.29 05:52:00.902,11.89399,11.89721,0.00,0.00
2015.05.29 05:52:19.735,11.89451,11.89721,0.00,0.00
2015.05.29 05:52:19.786,11.89451,11.89732,0.00,0.00
2015.05.29 05:52:20.392,11.89408,11.89732,0.00,0.00
2015.05.29 05:52:23.632,11.89458,11.89762,0.00,0.00
2015.05.29 05:52:23.683,11.89458,11.89781,0.00,0.00
2015.05.29 05:52:24.324,11.89458,11.89782,0.00,0.00
2015.05.29 05:52:29.315,11.89458,11.89769,0.00,0.00
2015.05.29 05:52:29.374,11.89408,11.89732,0.00,0.00
2015.05.29 05:52:52.404,11.89408,11.89648,0.00,0.00
2015.05.29 05:52:52.555,11.89309,11.89631,0.00,0.00
2015.05.29 05:52:57.002,11.89309,11.8963,0.00,0.00
2015.05.29 05:52:58.208,11.89309,11.89631,0.00,0.00
2015.05.29 05:52:58.507,11.89309,11.89621,0.00,0.00
2015.05.29 05:53:03.623,11.89309,11.89631,0.00,0.00
2015.05.29 05:53:04.495,11.89309,11.8963,0.00,0.00
2015.05.29 05:53:05.437,11.89309,11.89621,0.00,0.00
2015.05.29 05:53:05.639,11.89209,11.89531,0.00,0.00
2015.05.29 05:53:09.335,11.89209,11.89511,0.00,0.00
2015.05.29 05:53:09.441,11.89108,11.89432,0.00,0.00
2015.05.29 05:53:15.847,11.89068,11.89382,0.00,0.00
2015.05.29 05:53:15.949,11.89058,11.89382,0.00,0.00
2015.05.29 05:53:16.256,11.89068,11.89382,0.00,0.00
2015.05.29 05:53:16.607,11.89108,11.89398,0.00,0.00
2015.05.29 05:53:17.816,11.89108,11.89432,0.00,0.00
2015.05.29 05:53:20.378,11.89109,11.89431,0.00,0.00
2015.05.29 05:53:23.201,11.89109,11.89399,0.00,0.00
2015.05.29 05:53:23.311,11.89079,11.89371,0.00,0.00
2015.05.29 05:53:23.362,11.89059,11.89351,0.00,0.00
2015.05.29 05:53:23.462,11.89009,11.89331,0.00,0.00
2015.05.29 05:53:42.118,11.89029,11.89331,0.00,0.00
2015.05.29 05:53:42.420,11.89108,11.89399,0.00,0.00
2015.05.29 05:53:43.332,11.89068,11.89332,0.00,0.00
2015.05.29 05:53:43.382,11.89049,11.89332,0.00,0.00
2015.05.29 05:53:43.483,11.89018,11.89332,0.00,0.00
2015.05.29 05:53:43.534,11.89029,11.89332,0.00,0.00
2015.05.29 05:53:43.874,11.89059,11.89349,0.00,0.00
2015.05.29 05:53:44.223,11.89078,11.89349,0.00,0.00
2015.05.29 05:53:44.675,11.89109,11.89431,0.00,0.00
2015.05.29 05:53:51.140,11.89109,11.8941,0.00,0.00
2015.05.29 05:53:51.780,11.89109,11.89411,0.00,0.00
2015.05.29 05:53:52.869,11.89109,11.89421,0.00,0.00
2015.05.29 05:53:53.760,11.89109,11.89349,0.00,0.00
2015.05.29 05:53:53.811,11.89029,11.89331,0.00,0.00
2015.05.29 05:53:53.912,11.89009,11.89331,0.00,0.00
2015.05.29 05:54:30.705,11.89009,11.8933,0.00,0.00
2015.05.29 05:54:33.187,11.89009,11.89331,0.00,0.00
2015.05.29 05:54:33.893,11.8904,11.89331,0.00,0.00
2015.05.29 05:54:33.943,11.89058,11.89351,0.00,0.00
2015.05.29 05:54:34.044,11.89108,11.89398,0.00,0.00
2015.05.29 05:54:35.339,11.89108,11.89432,0.00,0.00
2015.05.29 05:54:35.993,11.89108,11.8942,0.00,0.00
2015.05.29 05:54:36.294,11.89108,11.89431,0.00,0.00
2015.05.29 05:54:37.137,11.89108,11.8943,0.00,0.00
2015.05.29 05:54:37.798,11.89108,11.89431,0.00,0.00
2015.05.29 05:54:39.659,11.89108,11.8943,0.00,0.00
2015.05.29 05:54:40.706,11.89108,11.89432,0.00,0.00
2015.05.29 05:54:54.892,11.89068,11.89331,0.00,0.00
2015.05.29 05:54:54.993,11.89009,11.89331,0.00,0.00
2015.05.29 05:55:26.234,11.89009,11.89321,0.00,0.00
2015.05.29 05:55:26.973,11.89009,11.8932,0.00,0.00
2015.05.29 05:55:28.136,11.89009,11.89321,0.00,0.00
2015.05.29 05:55:28.208,11.89009,11.89331,0.00,0.00
2015.05.29 05:55:31.573,11.89009,11.8933,0.00,0.00
2015.05.29 05:55:33.182,11.89009,11.89331,0.00,0.00
2015.05.29 05:55:53.350,11.89009,11.89279,0.00,0.00
2015.05.29 05:55:53.401,11.88908,11.89232,0.00,0.00
2015.05.29 05:56:08.266,11.88908,11.8921,0.00,0.00
2015.05.29 05:56:08.367,11.88908,11.89221,0.00,0.00
2015.05.29 05:56:09.069,11.88908,11.8922,0.00,0.00
2015.05.29 05:56:10.115,11.88908,11.89231,0.00,0.00
2015.05.29 05:56:10.905,11.88908,11.89232,0.00,0.00
2015.05.29 05:56:20.069,11.88908,11.89201,0.00,0.00
2015.05.29 05:56:22.098,11.88908,11.89211,0.00,0.00
2015.05.29 05:56:22.231,11.88908,11.89232,0.00,0.00
2015.05.29 05:56:31.234,11.89059,11.89299,0.00,0.00
2015.05.29 05:56:31.285,11.89059,11.89361,0.00,0.00
2015.05.29 05:56:31.336,11.89059,11.89381,0.00,0.00
2015.05.29 05:56:31.386,11.89109,11.89422,0.00,0.00
2015.05.29 05:56:31.437,11.89109,11.89431,0.00,0.00
2015.05.29 05:56:31.996,11.89109,11.89422,0.00,0.00
2015.05.29 05:56:32.097,11.89109,11.89431,0.00,0.00
2015.05.29 05:56:32.148,11.89158,11.89431,0.00,0.00
2015.05.29 05:56:32.429,11.89158,11.89462,0.00,0.00
2015.05.29 05:56:32.479,11.89209,11.89462,0.00,0.00
2015.05.29 05:56:32.530,11.89209,11.89482,0.00,0.00
2015.05.29 05:56:33.921,11.89209,11.89461,0.00,0.00
2015.05.29 05:56:34.099,11.89209,11.89482,0.00,0.00
2015.05.29 05:56:35.532,11.89108,11.89432,0.00,0.00
2015.05.29 05:56:35.582,11.89108,11.89411,0.00,0.00
2015.05.29 05:56:36.159,11.89108,11.89401,0.00,0.00
2015.05.29 05:56:39.723,11.89108,11.8941,0.00,0.00
2015.05.29 05:56:41.474,11.89108,11.8942,0.00,0.00
2015.05.29 05:56:41.917,11.89108,11.89411,0.00,0.00
2015.05.29 05:56:43.283,11.89108,11.8941,0.00,0.00
2015.05.29 05:56:49.473,11.89108,11.89411,0.00,0.00
2015.05.29 05:56:50.439,11.89108,11.89392,0.00,0.00
2015.05.29 05:56:53.327,11.89108,11.89402,0.00,0.00
2015.05.29 05:56:53.936,11.89108,11.89421,0.00,0.00
2015.05.29 05:56:54.812,11.89108,11.8941,0.00,0.00
2015.05.29 05:56:55.431,11.89108,11.89401,0.00,0.00
2015.05.29 05:56:55.532,11.89108,11.89421,0.00,0.00
2015.05.29 05:56:55.591,11.89108,11.8939,0.00,0.00
2015.05.29 05:56:55.691,11.89108,11.89401,0.00,0.00
2015.05.29 05:56:55.792,11.89108,11.89411,0.00,0.00
2015.05.29 05:56:57.137,11.89108,11.89412,0.00,0.00
2015.05.29 05:56:57.197,11.89108,11.8941,0.00,0.00
2015.05.29 05:56:57.317,11.89108,11.89412,0.00,0.00
2015.05.29 05:56:59.685,11.89108,11.89411,0.00,0.00
2015.05.29 05:56:59.865,11.89108,11.89422,0.00,0.00
2015.05.29 05:56:59.938,11.89108,11.89411,0.00,0.00
2015.05.29 05:57:00.859,11.89108,11.89422,0.00,0.00
2015.05.29 05:57:02.341,11.89108,11.89411,0.00,0.00
2015.05.29 05:57:06.474,11.89108,11.89422,0.00,0.00
2015.05.29 05:57:08.594,11.89108,11.89412,0.00,0.00
2015.05.29 05:57:35.116,11.89051,11.89412,0.00,0.00
2015.05.29 05:57:35.535,11.89059,11.89412,0.00,0.00
2015.05.29 05:57:38.742,11.89069,11.89412,0.00,0.00
2015.05.29 05:57:38.798,11.89069,11.89422,0.00,0.00
2015.05.29 05:57:39.969,11.8907,11.89422,0.00,0.00
2015.05.29 05:57:46.318,11.8907,11.89411,0.00,0.00
2015.05.29 05:57:48.272,11.89069,11.89411,0.00,0.00
2015.05.29 05:57:48.323,11.89069,11.89422,0.00,0.00
2015.05.29 05:57:52.852,11.89069,11.89411,0.00,0.00
2015.05.29 05:57:52.903,11.89039,11.89411,0.00,0.00
2015.05.29 05:58:05.339,11.89039,11.89349,0.00,0.00
2015.05.29 05:58:05.451,11.89009,11.89331,0.00,0.00
2015.05.29 05:58:10.777,11.89059,11.89352,0.00,0.00
2015.05.29 05:58:11.277,11.89059,11.89381,0.00,0.00
2015.05.29 05:58:11.328,11.89108,11.89391,0.00,0.00
2015.05.29 05:58:14.240,11.89051,11.89332,0.00,0.00
2015.05.29 05:58:14.291,11.89008,11.89332,0.00,0.00
2015.05.29 05:58:22.546,11.89059,11.89342,0.00,0.00
2015.05.29 05:58:22.697,11.89059,11.89381,0.00,0.00
2015.05.29 05:58:23.132,11.89009,11.89331,0.00,0.00
2015.05.29 05:59:07.372,11.89009,11.89321,0.00,0.00
2015.05.29 05:59:09.416,11.89009,11.89331,0.00,0.00
2015.05.29 05:59:23.149,11.88979,11.89349,0.00,0.00
2015.05.29 05:59:25.121,11.8898,11.89349,0.00,0.00
2015.05.29 05:59:25.289,11.88989,11.89349,0.00,0.00
2015.05.29 05:59:26.152,11.88989,11.89342,0.00,0.00
2015.05.29 05:59:26.768,11.88989,11.89349,0.00,0.00
2015.05.29 05:59:27.278,11.8899,11.89349,0.00,0.00
2015.05.29 05:59:27.710,11.8898,11.89349,0.00,0.00
2015.05.29 05:59:27.769,11.8898,11.89342,0.00,0.00
2015.05.29 05:59:28.832,11.89059,11.89342,0.00,0.00
2015.05.29 05:59:28.883,11.89059,11.89372,0.00,0.00
2015.05.29 05:59:28.933,11.89109,11.89372,0.00,0.00
2015.05.29 05:59:28.984,11.89109,11.89399,0.00,0.00
2015.05.29 05:59:30.340,11.89109,11.89422,0.00,0.00
2015.05.29 05:59:30.886,11.89058,11.89382,0.00,0.00
2015.05.29 05:59:32.249,11.89048,11.89332,0.00,0.00
2015.05.29 05:59:32.299,11.89028,11.89332,0.00,0.00
2015.05.29 05:59:32.350,11.89028,11.89282,0.00,0.00
2015.05.29 05:59:32.401,11.89001,11.89282,0.00,0.00
2015.05.29 05:59:33.831,11.88959,11.89282,0.00,0.00
2015.05.29 05:59:35.509,11.88969,11.89282,0.00,0.00
2015.05.29 05:59:38.166,11.8898,11.89282,0.00,0.00
2015.05.29 05:59:40.377,11.88969,11.89282,0.00,0.00
2015.05.29 05:59:47.990,11.88978,11.89282,0.00,0.00
2015.05.29 05:59:50.146,11.8898,11.89282,0.00,0.00
2015.05.29 05:59:50.818,11.88979,11.89348,0.00,0.00
2015.05.29 05:59:51.492,11.88978,11.89348,0.00,0.00
2015.05.29 05:59:51.622,11.8896,11.89331,0.00,0.00
2015.05.29 05:59:52.253,11.88988,11.89348,0.00,0.00
2015.05.29 05:59:55.123,11.89001,11.89351,0.00,0.00
2015.05.29 05:59:55.647,11.89029,11.89362,0.00,0.00
2015.05.29 05:59:55.698,11.89049,11.89399,0.00,0.00
2015.05.29 05:59:55.834,11.89058,11.89399,0.00,0.00
2015.05.29 05:59:56.545,11.89058,11.89432,0.00,0.00
2015.05.29 05:59:59.308,11.89059,11.89432,0.00,0.00
2015.05.29 05:59:59.902,11.8906,11.89432,0.00,0.00
