2015.05.15 05:00:00.246,12.19468,12.19795,0.00,0.00
2015.05.15 05:00:00.322,12.19476,12.19806,0.00,0.00
2015.05.15 05:00:00.743,12.19489,12.19817,0.00,0.00
2015.05.15 05:00:01.065,12.19501,12.19817,0.00,0.00
2015.05.15 05:00:01.408,12.19518,12.19823,0.00,0.00
2015.05.15 05:00:01.553,12.19519,12.19849,0.00,0.00
2015.05.15 05:00:02.448,12.19518,12.19829,0.00,0.00
2015.05.15 05:00:03.854,12.19519,12.19849,0.00,0.00
2015.05.15 05:00:04.054,12.19518,12.19828,0.00,0.00
2015.05.15 05:00:05.593,12.19528,12.19828,0.00,0.00
2015.05.15 05:00:06.964,12.19528,12.1985,0.00,0.00
2015.05.15 05:00:14.372,12.19528,12.19839,0.00,0.00
2015.05.15 05:00:14.473,12.19528,12.19852,0.00,0.00
2015.05.15 05:00:21.651,12.19528,12.19828,0.00,0.00
2015.05.15 05:00:23.955,12.19528,12.1985,0.00,0.00
2015.05.15 05:00:30.263,12.19528,12.19839,0.00,0.00
2015.05.15 05:00:31.704,12.19578,12.1986,0.00,0.00
2015.05.15 05:00:32.192,12.19578,12.19847,0.00,0.00
2015.05.15 05:00:32.293,12.19578,12.19866,0.00,0.00
2015.05.15 05:00:34.097,12.19578,12.19848,0.00,0.00
2015.05.15 05:00:38.488,12.19589,12.19848,0.00,0.00
2015.05.15 05:00:41.422,12.19589,12.19838,0.00,0.00
2015.05.15 05:00:41.472,12.19539,12.19838,0.00,0.00
2015.05.15 05:00:41.582,12.19539,12.19814,0.00,0.00
2015.05.15 05:00:41.882,12.19539,12.19836,0.00,0.00
2015.05.15 05:00:43.525,12.19539,12.19814,0.00,0.00
2015.05.15 05:00:43.827,12.19539,12.19825,0.00,0.00
2015.05.15 05:00:45.330,12.19502,12.19811,0.00,0.00
2015.05.15 05:00:45.430,12.19489,12.19801,0.00,0.00
2015.05.15 05:00:45.531,12.19489,12.19788,0.00,0.00
2015.05.15 05:00:45.830,12.19489,12.19811,0.00,0.00
2015.05.15 05:00:46.123,12.19489,12.19789,0.00,0.00
2015.05.15 05:00:52.714,12.19489,12.19799,0.00,0.00
2015.05.15 05:00:58.608,12.19489,12.19788,0.00,0.00
2015.05.15 05:01:12.332,12.19489,12.19809,0.00,0.00
2015.05.15 05:01:12.941,12.19489,12.19785,0.00,0.00
2015.05.15 05:01:17.388,12.19489,12.19784,0.00,0.00
2015.05.15 05:01:19.257,12.19489,12.19796,0.00,0.00
2015.05.15 05:01:30.841,12.19539,12.19796,0.00,0.00
2015.05.15 05:01:30.892,12.19539,12.19809,0.00,0.00
2015.05.15 05:01:30.998,12.19589,12.19866,0.00,0.00
2015.05.15 05:01:31.099,12.19539,12.19856,0.00,0.00
2015.05.15 05:01:31.200,12.19539,12.19829,0.00,0.00
2015.05.15 05:01:33.513,12.19539,12.19839,0.00,0.00
2015.05.15 05:01:33.614,12.19539,12.19853,0.00,0.00
2015.05.15 05:01:33.700,12.19539,12.1984,0.00,0.00
2015.05.15 05:01:34.082,12.1951,12.19811,0.00,0.00
2015.05.15 05:01:34.470,12.19502,12.1979,0.00,0.00
2015.05.15 05:01:34.521,12.19502,12.19799,0.00,0.00
2015.05.15 05:01:34.922,12.19502,12.19787,0.00,0.00
2015.05.15 05:01:35.271,12.19489,12.19787,0.00,0.00
2015.05.15 05:01:39.084,12.19489,12.19809,0.00,0.00
2015.05.15 05:01:43.589,12.19489,12.19798,0.00,0.00
2015.05.15 05:01:43.983,12.19489,12.19786,0.00,0.00
2015.05.15 05:01:45.716,12.19489,12.19811,0.00,0.00
2015.05.15 05:01:46.200,12.19489,12.19789,0.00,0.00
2015.05.15 05:01:47.906,12.19489,12.198,0.00,0.00
2015.05.15 05:01:54.441,12.1949,12.198,0.00,0.00
2015.05.15 05:01:54.524,12.1949,12.19811,0.00,0.00
2015.05.15 05:01:55.044,12.19489,12.19811,0.00,0.00
2015.05.15 05:01:56.951,12.1949,12.19811,0.00,0.00
2015.05.15 05:01:58.546,12.1949,12.19804,0.00,0.00
2015.05.15 05:02:00.648,12.1949,12.19792,0.00,0.00
2015.05.15 05:02:01.207,12.19489,12.19792,0.00,0.00
2015.05.15 05:02:20.989,12.19489,12.19799,0.00,0.00
2015.05.15 05:02:34.023,12.19489,12.19788,0.00,0.00
2015.05.15 05:02:34.074,12.19459,12.19788,0.00,0.00
2015.05.15 05:02:35.267,12.19458,12.19788,0.00,0.00
2015.05.15 05:02:35.795,12.19469,12.19797,0.00,0.00
2015.05.15 05:02:36.400,12.19482,12.1981,0.00,0.00
2015.05.15 05:02:36.696,12.19469,12.19799,0.00,0.00
2015.05.15 05:02:38.745,12.19459,12.19786,0.00,0.00
2015.05.15 05:02:41.112,12.1946,12.19786,0.00,0.00
2015.05.15 05:02:42.323,12.19469,12.19797,0.00,0.00
2015.05.15 05:02:48.711,12.1948,12.1981,0.00,0.00
2015.05.15 05:02:49.112,12.19479,12.19786,0.00,0.00
2015.05.15 05:02:49.763,12.1947,12.19786,0.00,0.00
2015.05.15 05:02:51.377,12.19469,12.19786,0.00,0.00
2015.05.15 05:02:54.201,12.1947,12.19786,0.00,0.00
2015.05.15 05:02:56.916,12.19469,12.19786,0.00,0.00
2015.05.15 05:02:57.017,12.1946,12.19786,0.00,0.00
2015.05.15 05:02:57.846,12.19459,12.19786,0.00,0.00
2015.05.15 05:03:01.544,12.19458,12.19786,0.00,0.00
2015.05.15 05:03:06.376,12.19459,12.19786,0.00,0.00
2015.05.15 05:03:07.114,12.1946,12.19786,0.00,0.00
2015.05.15 05:03:07.879,12.19459,12.19786,0.00,0.00
2015.05.15 05:03:09.939,12.19465,12.19795,0.00,0.00
2015.05.15 05:03:12.163,12.19477,12.19807,0.00,0.00
2015.05.15 05:03:26.676,12.19459,12.19783,0.00,0.00
2015.05.15 05:03:27.437,12.1946,12.19783,0.00,0.00
2015.05.15 05:03:27.487,12.19478,12.19806,0.00,0.00
2015.05.15 05:03:27.996,12.19477,12.19807,0.00,0.00
2015.05.15 05:03:31.065,12.19454,12.19782,0.00,0.00
2015.05.15 05:03:46.785,12.1948,12.19808,0.00,0.00
2015.05.15 05:03:48.999,12.19467,12.19797,0.00,0.00
2015.05.15 05:03:52.134,12.19456,12.19786,0.00,0.00
2015.05.15 05:03:52.484,12.19438,12.19748,0.00,0.00
2015.05.15 05:03:52.898,12.19438,12.19736,0.00,0.00
2015.05.15 05:03:54.355,12.19408,12.19711,0.00,0.00
2015.05.15 05:03:54.408,12.19389,12.19693,0.00,0.00
2015.05.15 05:03:54.708,12.19389,12.19702,0.00,0.00
2015.05.15 05:03:54.925,12.19389,12.19691,0.00,0.00
2015.05.15 05:03:55.510,12.19389,12.19701,0.00,0.00
2015.05.15 05:03:55.561,12.19371,12.19612,0.00,0.00
2015.05.15 05:03:55.611,12.19288,12.1961,0.00,0.00
2015.05.15 05:03:55.712,12.19289,12.19598,0.00,0.00
2015.05.15 05:03:56.830,12.19289,12.19611,0.00,0.00
2015.05.15 05:03:56.931,12.19289,12.19605,0.00,0.00
2015.05.15 05:03:57.391,12.19289,12.19592,0.00,0.00
2015.05.15 05:03:59.517,12.19289,12.19604,0.00,0.00
2015.05.15 05:03:59.618,12.19289,12.1959,0.00,0.00
2015.05.15 05:03:59.917,12.19289,12.19602,0.00,0.00
2015.05.15 05:04:01.620,12.19289,12.19592,0.00,0.00
2015.05.15 05:04:01.822,12.19289,12.19603,0.00,0.00
2015.05.15 05:04:02.472,12.1929,12.19611,0.00,0.00
2015.05.15 05:04:02.773,12.19289,12.19595,0.00,0.00
2015.05.15 05:04:05.935,12.19312,12.19611,0.00,0.00
2015.05.15 05:04:09.844,12.19289,12.19611,0.00,0.00
2015.05.15 05:04:10.077,12.19388,12.19639,0.00,0.00
2015.05.15 05:04:10.178,12.19388,12.1971,0.00,0.00
2015.05.15 05:04:10.279,12.19404,12.19712,0.00,0.00
2015.05.15 05:04:10.446,12.19388,12.1971,0.00,0.00
2015.05.15 05:04:11.069,12.19403,12.19712,0.00,0.00
2015.05.15 05:04:11.347,12.19388,12.19705,0.00,0.00
2015.05.15 05:04:11.397,12.19377,12.19662,0.00,0.00
2015.05.15 05:04:11.448,12.19363,12.19662,0.00,0.00
2015.05.15 05:04:12.348,12.19373,12.19662,0.00,0.00
2015.05.15 05:04:12.449,12.19343,12.19662,0.00,0.00
2015.05.15 05:04:12.797,12.19388,12.19679,0.00,0.00
2015.05.15 05:04:12.847,12.19388,12.19712,0.00,0.00
2015.05.15 05:04:12.898,12.194,12.19712,0.00,0.00
2015.05.15 05:04:13.177,12.19388,12.19706,0.00,0.00
2015.05.15 05:04:13.279,12.194,12.19712,0.00,0.00
2015.05.15 05:04:18.410,12.19388,12.19712,0.00,0.00
2015.05.15 05:04:30.332,12.19388,12.19699,0.00,0.00
2015.05.15 05:04:31.329,12.19388,12.19711,0.00,0.00
2015.05.15 05:04:34.023,12.19388,12.19698,0.00,0.00
2015.05.15 05:04:35.354,12.194,12.19712,0.00,0.00
2015.05.15 05:04:36.064,12.19412,12.19712,0.00,0.00
2015.05.15 05:04:36.234,12.19388,12.19712,0.00,0.00
2015.05.15 05:04:36.431,12.19394,12.19712,0.00,0.00
2015.05.15 05:04:45.551,12.19388,12.19709,0.00,0.00
2015.05.15 05:04:45.602,12.19381,12.19662,0.00,0.00
2015.05.15 05:04:45.652,12.19362,12.19662,0.00,0.00
2015.05.15 05:04:45.803,12.19388,12.19679,0.00,0.00
2015.05.15 05:04:45.954,12.19362,12.19661,0.00,0.00
2015.05.15 05:04:46.008,12.19389,12.19679,0.00,0.00
2015.05.15 05:04:47.071,12.19389,12.1971,0.00,0.00
2015.05.15 05:04:52.397,12.19394,12.19711,0.00,0.00
2015.05.15 05:04:52.598,12.19389,12.19708,0.00,0.00
2015.05.15 05:04:53.401,12.19438,12.19708,0.00,0.00
2015.05.15 05:04:53.502,12.19405,12.19712,0.00,0.00
2015.05.15 05:04:53.802,12.19402,12.19709,0.00,0.00
2015.05.15 05:04:54.729,12.19388,12.19709,0.00,0.00
2015.05.15 05:04:59.814,12.19388,12.19683,0.00,0.00
2015.05.15 05:05:00.748,12.19355,12.19662,0.00,0.00
2015.05.15 05:05:00.798,12.19393,12.19662,0.00,0.00
2015.05.15 05:05:00.997,12.19376,12.19662,0.00,0.00
2015.05.15 05:05:01.222,12.194,12.19662,0.00,0.00
2015.05.15 05:05:01.323,12.19379,12.19662,0.00,0.00
2015.05.15 05:05:02.317,12.19405,12.19662,0.00,0.00
2015.05.15 05:05:04.138,12.19377,12.19662,0.00,0.00
2015.05.15 05:05:10.709,12.1939,12.19662,0.00,0.00
2015.05.15 05:05:20.345,12.19376,12.19662,0.00,0.00
2015.05.15 05:05:20.446,12.19389,12.19662,0.00,0.00
2015.05.15 05:05:29.169,12.19389,12.19611,0.00,0.00
2015.05.15 05:05:29.270,12.19314,12.19611,0.00,0.00
2015.05.15 05:05:29.371,12.19299,12.19611,0.00,0.00
2015.05.15 05:05:36.841,12.19289,12.19611,0.00,0.00
2015.05.15 05:05:37.542,12.19312,12.19611,0.00,0.00
2015.05.15 05:05:40.296,12.19312,12.19529,0.00,0.00
2015.05.15 05:05:40.347,12.19289,12.19529,0.00,0.00
2015.05.15 05:05:40.398,12.19266,12.19512,0.00,0.00
2015.05.15 05:05:40.498,12.19218,12.19512,0.00,0.00
2015.05.15 05:05:40.549,12.192,12.19512,0.00,0.00
2015.05.15 05:05:42.148,12.1921,12.19512,0.00,0.00
2015.05.15 05:05:43.458,12.19198,12.19512,0.00,0.00
2015.05.15 05:05:43.651,12.19208,12.19512,0.00,0.00
2015.05.15 05:05:49.558,12.19195,12.19512,0.00,0.00
2015.05.15 05:05:49.843,12.19201,12.19512,0.00,0.00
2015.05.15 05:05:50.145,12.19318,12.19579,0.00,0.00
2015.05.15 05:05:50.260,12.19296,12.19579,0.00,0.00
2015.05.15 05:05:50.860,12.19319,12.19579,0.00,0.00
2015.05.15 05:05:51.084,12.19297,12.19579,0.00,0.00
2015.05.15 05:05:51.267,12.19297,12.19611,0.00,0.00
2015.05.15 05:06:00.630,12.19297,12.19562,0.00,0.00
2015.05.15 05:06:00.681,12.19282,12.19562,0.00,0.00
2015.05.15 05:06:00.781,12.19257,12.19562,0.00,0.00
2015.05.15 05:06:04.037,12.19257,12.19528,0.00,0.00
2015.05.15 05:06:04.087,12.19238,12.19528,0.00,0.00
2015.05.15 05:06:04.138,12.19212,12.19512,0.00,0.00
2015.05.15 05:06:04.302,12.192,12.19512,0.00,0.00
2015.05.15 05:06:20.799,12.19193,12.19512,0.00,0.00
2015.05.15 05:06:24.304,12.19211,12.19512,0.00,0.00
2015.05.15 05:06:25.506,12.1919,12.19512,0.00,0.00
2015.05.15 05:06:27.179,12.19211,12.19512,0.00,0.00
2015.05.15 05:06:27.330,12.19192,12.19512,0.00,0.00
2015.05.15 05:06:27.532,12.19203,12.19512,0.00,0.00
2015.05.15 05:06:29.213,12.19192,12.19512,0.00,0.00
2015.05.15 05:06:29.343,12.19211,12.19512,0.00,0.00
2015.05.15 05:06:34.154,12.19192,12.19512,0.00,0.00
2015.05.15 05:06:34.321,12.19204,12.19512,0.00,0.00
2015.05.15 05:06:43.538,12.19189,12.19512,0.00,0.00
2015.05.15 05:06:48.150,12.19212,12.19512,0.00,0.00
2015.05.15 05:06:51.962,12.19192,12.19512,0.00,0.00
2015.05.15 05:06:54.169,12.19211,12.19512,0.00,0.00
2015.05.15 05:06:55.752,12.19189,12.19512,0.00,0.00
2015.05.15 05:06:56.778,12.19201,12.19512,0.00,0.00
2015.05.15 05:07:01.494,12.19212,12.19512,0.00,0.00
2015.05.15 05:07:04.101,12.19188,12.19512,0.00,0.00
2015.05.15 05:07:04.314,12.19188,12.19518,0.00,0.00
2015.05.15 05:07:20.213,12.19198,12.19528,0.00,0.00
2015.05.15 05:07:22.823,12.19184,12.19514,0.00,0.00
2015.05.15 05:07:24.005,12.19238,12.19514,0.00,0.00
2015.05.15 05:07:24.056,12.19253,12.19562,0.00,0.00
2015.05.15 05:07:24.106,12.19289,12.19579,0.00,0.00
2015.05.15 05:07:24.308,12.19263,12.19561,0.00,0.00
2015.05.15 05:07:24.417,12.19243,12.19561,0.00,0.00
2015.05.15 05:07:24.956,12.19288,12.19571,0.00,0.00
2015.05.15 05:07:25.329,12.19298,12.19579,0.00,0.00
2015.05.15 05:07:25.380,12.19288,12.19612,0.00,0.00
2015.05.15 05:07:26.538,12.19301,12.19612,0.00,0.00
2015.05.15 05:07:27.746,12.19288,12.19607,0.00,0.00
2015.05.15 05:07:27.841,12.19289,12.19612,0.00,0.00
2015.05.15 05:07:28.643,12.19301,12.19612,0.00,0.00
2015.05.15 05:07:33.655,12.19293,12.19612,0.00,0.00
2015.05.15 05:07:34.056,12.19288,12.19601,0.00,0.00
2015.05.15 05:07:39.666,12.19288,12.1961,0.00,0.00
2015.05.15 05:07:40.308,12.19294,12.19612,0.00,0.00
2015.05.15 05:07:44.065,12.19295,12.19612,0.00,0.00
2015.05.15 05:07:44.173,12.19288,12.19611,0.00,0.00
2015.05.15 05:07:45.776,12.19294,12.19612,0.00,0.00
2015.05.15 05:07:46.678,12.19288,12.19612,0.00,0.00
2015.05.15 05:07:48.195,12.19288,12.19601,0.00,0.00
2015.05.15 05:07:48.583,12.19288,12.19611,0.00,0.00
2015.05.15 05:07:51.591,12.19294,12.19612,0.00,0.00
2015.05.15 05:07:54.908,12.19295,12.19612,0.00,0.00
2015.05.15 05:07:55.291,12.19288,12.196,0.00,0.00
2015.05.15 05:07:55.392,12.19296,12.19612,0.00,0.00
2015.05.15 05:07:55.442,12.19299,12.19612,0.00,0.00
2015.05.15 05:07:55.593,12.19297,12.19612,0.00,0.00
2015.05.15 05:07:55.694,12.19288,12.19612,0.00,0.00
2015.05.15 05:07:55.795,12.19309,12.19612,0.00,0.00
2015.05.15 05:07:55.999,12.19288,12.19612,0.00,0.00
2015.05.15 05:07:56.827,12.19288,12.19611,0.00,0.00
2015.05.15 05:08:00.434,12.19301,12.19612,0.00,0.00
2015.05.15 05:08:00.738,12.19297,12.19611,0.00,0.00
2015.05.15 05:08:00.999,12.19289,12.19608,0.00,0.00
2015.05.15 05:08:01.123,12.19289,12.19582,0.00,0.00
2015.05.15 05:08:02.201,12.19292,12.19611,0.00,0.00
2015.05.15 05:08:02.349,12.19303,12.19611,0.00,0.00
2015.05.15 05:08:03.220,12.1929,12.19611,0.00,0.00
2015.05.15 05:08:04.003,12.19289,12.19609,0.00,0.00
2015.05.15 05:08:05.907,12.19291,12.19611,0.00,0.00
2015.05.15 05:08:06.341,12.19304,12.19611,0.00,0.00
2015.05.15 05:08:07.909,12.19292,12.19611,0.00,0.00
2015.05.15 05:08:13.517,12.19303,12.19611,0.00,0.00
2015.05.15 05:08:14.118,12.19291,12.19611,0.00,0.00
2015.05.15 05:08:14.218,12.19303,12.19611,0.00,0.00
2015.05.15 05:08:14.555,12.19289,12.19609,0.00,0.00
2015.05.15 05:08:16.220,12.19304,12.19611,0.00,0.00
2015.05.15 05:08:17.422,12.19291,12.19611,0.00,0.00
2015.05.15 05:08:34.042,12.19289,12.19609,0.00,0.00
2015.05.15 05:08:34.374,12.19292,12.19611,0.00,0.00
2015.05.15 05:08:36.946,12.19304,12.19611,0.00,0.00
2015.05.15 05:08:37.445,12.19304,12.19579,0.00,0.00
2015.05.15 05:08:37.496,12.19288,12.19579,0.00,0.00
2015.05.15 05:08:37.753,12.19303,12.19579,0.00,0.00
2015.05.15 05:08:37.955,12.19289,12.19579,0.00,0.00
2015.05.15 05:08:38.724,12.19289,12.19611,0.00,0.00
2015.05.15 05:08:38.775,12.19303,12.19611,0.00,0.00
2015.05.15 05:08:44.358,12.19289,12.19608,0.00,0.00
2015.05.15 05:08:45.375,12.19289,12.19611,0.00,0.00
2015.05.15 05:08:48.883,12.19289,12.19598,0.00,0.00
2015.05.15 05:08:49.234,12.19289,12.19585,0.00,0.00
2015.05.15 05:08:51.089,12.19289,12.19597,0.00,0.00
2015.05.15 05:08:52.189,12.19289,12.19578,0.00,0.00
2015.05.15 05:08:52.240,12.19248,12.19562,0.00,0.00
2015.05.15 05:08:52.893,12.19248,12.19561,0.00,0.00
2015.05.15 05:08:53.190,12.19237,12.19512,0.00,0.00
2015.05.15 05:08:53.291,12.19204,12.19512,0.00,0.00
2015.05.15 05:08:53.392,12.19202,12.19512,0.00,0.00
2015.05.15 05:08:53.496,12.19194,12.19512,0.00,0.00
2015.05.15 05:08:54.147,12.19193,12.19512,0.00,0.00
2015.05.15 05:08:54.198,12.19205,12.19512,0.00,0.00
2015.05.15 05:08:56.281,12.19188,12.19512,0.00,0.00
2015.05.15 05:08:56.611,12.19197,12.19512,0.00,0.00
2015.05.15 05:08:57.409,12.19188,12.19512,0.00,0.00
2015.05.15 05:09:03.084,12.19195,12.19512,0.00,0.00
2015.05.15 05:09:03.810,12.19188,12.19512,0.00,0.00
2015.05.15 05:09:04.428,12.19196,12.19512,0.00,0.00
2015.05.15 05:09:05.136,12.19195,12.19512,0.00,0.00
2015.05.15 05:09:09.241,12.19208,12.19512,0.00,0.00
2015.05.15 05:09:09.943,12.19188,12.19511,0.00,0.00
2015.05.15 05:09:11.138,12.19195,12.19512,0.00,0.00
2015.05.15 05:09:17.102,12.19188,12.19512,0.00,0.00
2015.05.15 05:09:18.904,12.19195,12.19512,0.00,0.00
2015.05.15 05:09:29.326,12.19188,12.19512,0.00,0.00
2015.05.15 05:09:29.617,12.19194,12.19512,0.00,0.00
2015.05.15 05:09:30.418,12.19206,12.19512,0.00,0.00
2015.05.15 05:09:35.324,12.19196,12.19512,0.00,0.00
2015.05.15 05:09:47.156,12.19195,12.19512,0.00,0.00
2015.05.15 05:09:53.197,12.19195,12.19525,0.00,0.00
2015.05.15 05:09:54.376,12.19206,12.19536,0.00,0.00
2015.05.15 05:09:57.590,12.19182,12.19512,0.00,0.00
2015.05.15 05:10:00.256,12.19206,12.19536,0.00,0.00
2015.05.15 05:10:00.762,12.19207,12.19535,0.00,0.00
2015.05.15 05:10:01.157,12.19183,12.19511,0.00,0.00
2015.05.15 05:10:02.458,12.19205,12.19535,0.00,0.00
2015.05.15 05:10:02.559,12.19194,12.19522,0.00,0.00
2015.05.15 05:10:02.759,12.19178,12.19508,0.00,0.00
2015.05.15 05:10:04.566,12.19201,12.19529,0.00,0.00
2015.05.15 05:10:10.328,12.19186,12.19514,0.00,0.00
2015.05.15 05:10:10.625,12.19195,12.19525,0.00,0.00
2015.05.15 05:10:11.402,12.19207,12.19537,0.00,0.00
2015.05.15 05:10:13.512,12.19195,12.19525,0.00,0.00
2015.05.15 05:10:16.726,12.19211,12.19541,0.00,0.00
2015.05.15 05:10:20.346,12.19187,12.19517,0.00,0.00
2015.05.15 05:10:20.652,12.192,12.1953,0.00,0.00
2015.05.15 05:10:40.886,12.19206,12.19536,0.00,0.00
2015.05.15 05:10:46.598,12.19284,12.1957,0.00,0.00
2015.05.15 05:10:46.649,12.19284,12.19612,0.00,0.00
2015.05.15 05:10:46.699,12.19306,12.19628,0.00,0.00
2015.05.15 05:10:47.032,12.19327,12.19612,0.00,0.00
2015.05.15 05:10:47.133,12.19291,12.19612,0.00,0.00
2015.05.15 05:10:51.102,12.19307,12.19612,0.00,0.00
2015.05.15 05:10:54.208,12.19317,12.19612,0.00,0.00
2015.05.15 05:10:54.409,12.19292,12.19612,0.00,0.00
2015.05.15 05:10:54.711,12.19318,12.19612,0.00,0.00
2015.05.15 05:10:54.811,12.19305,12.19612,0.00,0.00
2015.05.15 05:10:54.912,12.19292,12.19612,0.00,0.00
2015.05.15 05:11:02.318,12.19326,12.19612,0.00,0.00
2015.05.15 05:11:02.853,12.19298,12.19612,0.00,0.00
2015.05.15 05:11:02.954,12.19288,12.19612,0.00,0.00
2015.05.15 05:11:03.133,12.19311,12.19612,0.00,0.00
2015.05.15 05:11:03.463,12.19348,12.19612,0.00,0.00
2015.05.15 05:11:03.564,12.19374,12.19649,0.00,0.00
2015.05.15 05:11:03.615,12.19374,12.19662,0.00,0.00
2015.05.15 05:11:03.716,12.19389,12.19702,0.00,0.00
2015.05.15 05:11:03.817,12.19393,12.19711,0.00,0.00
2015.05.15 05:11:04.036,12.19389,12.19701,0.00,0.00
2015.05.15 05:11:04.738,12.19389,12.19711,0.00,0.00
2015.05.15 05:11:08.568,12.19389,12.19702,0.00,0.00
2015.05.15 05:11:09.049,12.19389,12.19691,0.00,0.00
2015.05.15 05:11:10.252,12.19393,12.19711,0.00,0.00
2015.05.15 05:11:11.356,12.19362,12.19662,0.00,0.00
2015.05.15 05:11:11.457,12.19338,12.19662,0.00,0.00
2015.05.15 05:11:11.869,12.19353,12.19662,0.00,0.00
2015.05.15 05:11:11.970,12.19341,12.19662,0.00,0.00
2015.05.15 05:11:12.557,12.19353,12.19662,0.00,0.00
2015.05.15 05:11:13.140,12.19388,12.19683,0.00,0.00
2015.05.15 05:11:13.241,12.19388,12.19689,0.00,0.00
2015.05.15 05:11:13.560,12.19388,12.19699,0.00,0.00
2015.05.15 05:11:13.761,12.19369,12.19661,0.00,0.00
2015.05.15 05:11:13.861,12.19352,12.19661,0.00,0.00
2015.05.15 05:11:13.957,12.19351,12.19659,0.00,0.00
2015.05.15 05:11:14.137,12.19351,12.19661,0.00,0.00
2015.05.15 05:11:14.530,12.19339,12.1966,0.00,0.00
2015.05.15 05:11:14.864,12.19343,12.19661,0.00,0.00
2015.05.15 05:11:15.550,12.19388,12.19679,0.00,0.00
2015.05.15 05:11:15.868,12.19388,12.197,0.00,0.00
2015.05.15 05:11:16.068,12.19388,12.19673,0.00,0.00
2015.05.15 05:11:20.480,12.19351,12.19662,0.00,0.00
2015.05.15 05:11:20.630,12.19343,12.19662,0.00,0.00
2015.05.15 05:11:20.681,12.19338,12.1966,0.00,0.00
2015.05.15 05:11:20.882,12.19356,12.19662,0.00,0.00
2015.05.15 05:11:21.491,12.19388,12.19679,0.00,0.00
2015.05.15 05:11:21.790,12.19388,12.19703,0.00,0.00
2015.05.15 05:11:21.891,12.19388,12.19691,0.00,0.00
2015.05.15 05:11:22.199,12.19388,12.19673,0.00,0.00
2015.05.15 05:11:23.306,12.19388,12.19704,0.00,0.00
2015.05.15 05:11:23.692,12.1939,12.19712,0.00,0.00
2015.05.15 05:11:24.895,12.19388,12.19711,0.00,0.00
2015.05.15 05:11:25.268,12.19388,12.19699,0.00,0.00
2015.05.15 05:11:31.516,12.19389,12.19712,0.00,0.00
2015.05.15 05:11:32.622,12.19388,12.19701,0.00,0.00
2015.05.15 05:11:37.051,12.1939,12.19712,0.00,0.00
2015.05.15 05:11:41.941,12.19388,12.19708,0.00,0.00
2015.05.15 05:11:50.037,12.19392,12.19712,0.00,0.00
2015.05.15 05:12:02.821,12.19388,12.19701,0.00,0.00
2015.05.15 05:12:03.323,12.19393,12.19712,0.00,0.00
2015.05.15 05:12:05.238,12.19388,12.1971,0.00,0.00
2015.05.15 05:12:05.339,12.19393,12.19712,0.00,0.00
2015.05.15 05:12:06.811,12.19388,12.19701,0.00,0.00
2015.05.15 05:12:06.992,12.19388,12.1971,0.00,0.00
2015.05.15 05:12:07.143,12.19394,12.19712,0.00,0.00
2015.05.15 05:12:07.393,12.19392,12.19712,0.00,0.00
2015.05.15 05:12:07.630,12.19388,12.19709,0.00,0.00
2015.05.15 05:12:16.013,12.19393,12.19712,0.00,0.00
2015.05.15 05:12:21.229,12.19388,12.197,0.00,0.00
2015.05.15 05:12:21.501,12.19372,12.197,0.00,0.00
2015.05.15 05:12:23.838,12.19389,12.19719,0.00,0.00
2015.05.15 05:12:24.240,12.19378,12.19706,0.00,0.00
2015.05.15 05:12:28.451,12.1939,12.19718,0.00,0.00
2015.05.15 05:12:41.891,12.19371,12.19701,0.00,0.00
2015.05.15 05:12:47.505,12.19347,12.19675,0.00,0.00
2015.05.15 05:12:49.571,12.19347,12.19611,0.00,0.00
2015.05.15 05:12:49.622,12.19329,12.19611,0.00,0.00
2015.05.15 05:12:49.723,12.19296,12.19611,0.00,0.00
2015.05.15 05:12:49.824,12.19289,12.19611,0.00,0.00
2015.05.15 05:12:50.011,12.19296,12.19611,0.00,0.00
2015.05.15 05:12:50.215,12.19289,12.19611,0.00,0.00
2015.05.15 05:12:52.721,12.19295,12.19611,0.00,0.00
2015.05.15 05:12:58.637,12.19289,12.19611,0.00,0.00
2015.05.15 05:13:03.234,12.19308,12.19611,0.00,0.00
2015.05.15 05:13:04.053,12.19297,12.19611,0.00,0.00
2015.05.15 05:13:04.154,12.19309,12.19611,0.00,0.00
2015.05.15 05:13:06.660,12.19289,12.19611,0.00,0.00
2015.05.15 05:13:10.190,12.19309,12.19611,0.00,0.00
2015.05.15 05:13:14.030,12.19289,12.19611,0.00,0.00
2015.05.15 05:13:14.531,12.19296,12.19611,0.00,0.00
2015.05.15 05:13:14.955,12.1931,12.19611,0.00,0.00
2015.05.15 05:13:16.835,12.19289,12.19611,0.00,0.00
2015.05.15 05:13:17.135,12.19296,12.19611,0.00,0.00
2015.05.15 05:13:17.769,12.19309,12.19611,0.00,0.00
2015.05.15 05:13:17.976,12.19289,12.19611,0.00,0.00
2015.05.15 05:13:18.138,12.19308,12.19611,0.00,0.00
2015.05.15 05:13:18.350,12.19289,12.19611,0.00,0.00
2015.05.15 05:13:20.660,12.19309,12.19611,0.00,0.00
2015.05.15 05:13:20.991,12.19296,12.19611,0.00,0.00
2015.05.15 05:13:23.045,12.1931,12.19611,0.00,0.00
2015.05.15 05:13:23.446,12.19298,12.19611,0.00,0.00
2015.05.15 05:13:24.953,12.19289,12.19611,0.00,0.00
2015.05.15 05:13:25.289,12.19297,12.19611,0.00,0.00
2015.05.15 05:13:25.550,12.19289,12.19611,0.00,0.00
2015.05.15 05:13:31.858,12.19307,12.19611,0.00,0.00
2015.05.15 05:13:32.305,12.19294,12.19611,0.00,0.00
2015.05.15 05:13:32.859,12.19289,12.19611,0.00,0.00
2015.05.15 05:13:40.380,12.19296,12.19611,0.00,0.00
2015.05.15 05:13:41.082,12.19309,12.19611,0.00,0.00
2015.05.15 05:13:46.395,12.19289,12.19611,0.00,0.00
2015.05.15 05:13:47.298,12.19298,12.19611,0.00,0.00
2015.05.15 05:13:47.579,12.19289,12.19611,0.00,0.00
2015.05.15 05:13:49.750,12.19287,12.19615,0.00,0.00
2015.05.15 05:13:50.006,12.19299,12.19627,0.00,0.00
2015.05.15 05:14:04.325,12.1931,12.19639,0.00,0.00
2015.05.15 05:14:07.005,12.19286,12.19616,0.00,0.00
2015.05.15 05:14:14.047,12.19286,12.19562,0.00,0.00
2015.05.15 05:14:14.147,12.19276,12.19562,0.00,0.00
2015.05.15 05:14:14.198,12.19288,12.19579,0.00,0.00
2015.05.15 05:14:14.248,12.19309,12.19579,0.00,0.00
2015.05.15 05:14:14.955,12.19299,12.19579,0.00,0.00
2015.05.15 05:14:15.114,12.19312,12.19579,0.00,0.00
2015.05.15 05:14:15.315,12.19288,12.19579,0.00,0.00
2015.05.15 05:14:15.477,12.19288,12.19612,0.00,0.00
2015.05.15 05:14:27.646,12.19309,12.19612,0.00,0.00
2015.05.15 05:14:31.071,12.19299,12.19612,0.00,0.00
2015.05.15 05:14:39.745,12.19311,12.19612,0.00,0.00
2015.05.15 05:14:46.053,12.19288,12.19612,0.00,0.00
2015.05.15 05:14:46.959,12.19308,12.19612,0.00,0.00
2015.05.15 05:14:52.374,12.19327,12.19612,0.00,0.00
2015.05.15 05:14:52.732,12.19316,12.19612,0.00,0.00
2015.05.15 05:14:53.199,12.19327,12.19612,0.00,0.00
2015.05.15 05:14:54.177,12.19313,12.19612,0.00,0.00
2015.05.15 05:14:54.301,12.19301,12.19612,0.00,0.00
2015.05.15 05:14:55.179,12.19288,12.19612,0.00,0.00
2015.05.15 05:15:00.302,12.19309,12.19612,0.00,0.00
2015.05.15 05:15:00.422,12.19296,12.19612,0.00,0.00
2015.05.15 05:15:00.574,12.19288,12.19612,0.00,0.00
2015.05.15 05:15:00.691,12.1931,12.19612,0.00,0.00
2015.05.15 05:15:00.924,12.19288,12.19612,0.00,0.00
2015.05.15 05:15:04.778,12.19297,12.19612,0.00,0.00
2015.05.15 05:15:06.099,12.19309,12.19612,0.00,0.00
2015.05.15 05:15:14.188,12.19284,12.19614,0.00,0.00
2015.05.15 05:15:14.888,12.1931,12.19629,0.00,0.00
2015.05.15 05:15:15.643,12.1931,12.19638,0.00,0.00
2015.05.15 05:15:29.626,12.19285,12.19613,0.00,0.00
2015.05.15 05:15:39.250,12.19293,12.19623,0.00,0.00
2015.05.15 05:15:39.653,12.19305,12.19635,0.00,0.00
2015.05.15 05:15:40.151,12.19293,12.19623,0.00,0.00
2015.05.15 05:15:40.526,12.19306,12.19634,0.00,0.00
2015.05.15 05:15:40.873,12.19294,12.19622,0.00,0.00
2015.05.15 05:15:41.203,12.19306,12.19634,0.00,0.00
2015.05.15 05:15:41.356,12.19293,12.19623,0.00,0.00
2015.05.15 05:15:46.255,12.19281,12.19611,0.00,0.00
2015.05.15 05:15:47.739,12.19306,12.19636,0.00,0.00
2015.05.15 05:15:50.443,12.19282,12.1961,0.00,0.00
2015.05.15 05:15:52.675,12.19282,12.19579,0.00,0.00
2015.05.15 05:15:52.878,12.19201,12.19511,0.00,0.00
2015.05.15 05:15:54.072,12.192,12.19511,0.00,0.00
2015.05.15 05:15:55.754,12.19211,12.19511,0.00,0.00
2015.05.15 05:15:59.069,12.192,12.19511,0.00,0.00
2015.05.15 05:15:59.459,12.19189,12.19511,0.00,0.00
2015.05.15 05:15:59.672,12.19201,12.19511,0.00,0.00
2015.05.15 05:16:04.175,12.19212,12.19511,0.00,0.00
2015.05.15 05:16:04.478,12.19189,12.19511,0.00,0.00
2015.05.15 05:16:11.803,12.19199,12.19511,0.00,0.00
2015.05.15 05:16:16.015,12.19211,12.19511,0.00,0.00
2015.05.15 05:16:20.026,12.19202,12.19511,0.00,0.00
2015.05.15 05:16:25.539,12.19189,12.19511,0.00,0.00
2015.05.15 05:16:29.857,12.192,12.19511,0.00,0.00
2015.05.15 05:16:34.019,12.19189,12.19511,0.00,0.00
2015.05.15 05:16:38.864,12.19211,12.19511,0.00,0.00
2015.05.15 05:16:43.106,12.19189,12.19511,0.00,0.00
2015.05.15 05:16:43.361,12.192,12.19511,0.00,0.00
2015.05.15 05:16:43.763,12.1923,12.19511,0.00,0.00
2015.05.15 05:16:43.864,12.19289,12.19605,0.00,0.00
2015.05.15 05:16:43.965,12.193,12.19611,0.00,0.00
2015.05.15 05:16:44.265,12.19289,12.19611,0.00,0.00
2015.05.15 05:16:44.366,12.19301,12.19611,0.00,0.00
2015.05.15 05:16:45.481,12.1929,12.19611,0.00,0.00
2015.05.15 05:16:47.775,12.19289,12.19607,0.00,0.00
2015.05.15 05:16:49.645,12.19277,12.19562,0.00,0.00
2015.05.15 05:16:49.695,12.19247,12.19549,0.00,0.00
2015.05.15 05:16:49.746,12.19247,12.19512,0.00,0.00
2015.05.15 05:16:49.796,12.19201,12.19512,0.00,0.00
2015.05.15 05:16:50.688,12.19208,12.19512,0.00,0.00
2015.05.15 05:16:51.698,12.19188,12.19512,0.00,0.00
2015.05.15 05:16:52.692,12.19212,12.19512,0.00,0.00
2015.05.15 05:17:00.705,12.19188,12.19512,0.00,0.00
2015.05.15 05:17:02.108,12.19207,12.19512,0.00,0.00
2015.05.15 05:17:03.927,12.19188,12.19512,0.00,0.00
2015.05.15 05:17:09.638,12.19207,12.19512,0.00,0.00
2015.05.15 05:17:15.268,12.19188,12.19512,0.00,0.00
2015.05.15 05:17:21.252,12.19195,12.19512,0.00,0.00
2015.05.15 05:17:32.415,12.19188,12.19512,0.00,0.00
2015.05.15 05:17:40.706,12.19207,12.19512,0.00,0.00
2015.05.15 05:17:41.212,12.19251,12.19512,0.00,0.00
2015.05.15 05:17:41.363,12.19288,12.19562,0.00,0.00
2015.05.15 05:17:41.464,12.19288,12.19606,0.00,0.00
2015.05.15 05:17:41.515,12.19299,12.19612,0.00,0.00
2015.05.15 05:17:42.317,12.193,12.19612,0.00,0.00
2015.05.15 05:17:44.121,12.19288,12.19604,0.00,0.00
2015.05.15 05:17:50.283,12.19299,12.19612,0.00,0.00
2015.05.15 05:17:50.587,12.19302,12.19604,0.00,0.00
2015.05.15 05:17:51.660,12.19289,12.19604,0.00,0.00
2015.05.15 05:17:52.235,12.19289,12.19611,0.00,0.00
2015.05.15 05:17:54.191,12.19289,12.19604,0.00,0.00
2015.05.15 05:17:59.595,12.19289,12.19611,0.00,0.00
2015.05.15 05:18:00.209,12.19299,12.19611,0.00,0.00
2015.05.15 05:18:01.598,12.19289,12.19611,0.00,0.00
2015.05.15 05:18:02.199,12.19299,12.19611,0.00,0.00
2015.05.15 05:18:04.249,12.19289,12.19604,0.00,0.00
2015.05.15 05:18:15.320,12.19295,12.19611,0.00,0.00
2015.05.15 05:18:16.800,12.19289,12.19599,0.00,0.00
2015.05.15 05:18:17.928,12.19258,12.19562,0.00,0.00
2015.05.15 05:18:18.300,12.19289,12.19579,0.00,0.00
2015.05.15 05:18:18.552,12.19201,12.19511,0.00,0.00
2015.05.15 05:18:19.061,12.19201,12.1951,0.00,0.00
2015.05.15 05:18:19.162,12.19189,12.1951,0.00,0.00
2015.05.15 05:18:20.267,12.1919,12.19511,0.00,0.00
2015.05.15 05:18:25.136,12.19202,12.19511,0.00,0.00
2015.05.15 05:18:28.039,12.1919,12.19511,0.00,0.00
2015.05.15 05:18:28.446,12.19204,12.19511,0.00,0.00
2015.05.15 05:18:33.048,12.19189,12.1951,0.00,0.00
2015.05.15 05:18:49.318,12.19206,12.19511,0.00,0.00
2015.05.15 05:18:50.268,12.19189,12.19511,0.00,0.00
2015.05.15 05:18:50.579,12.19196,12.19511,0.00,0.00
2015.05.15 05:18:52.983,12.19208,12.19511,0.00,0.00
2015.05.15 05:18:53.588,12.19197,12.19511,0.00,0.00
2015.05.15 05:18:53.689,12.19189,12.19511,0.00,0.00
2015.05.15 05:18:53.790,12.19198,12.19511,0.00,0.00
2015.05.15 05:18:54.022,12.19189,12.19511,0.00,0.00
2015.05.15 05:18:57.390,12.19198,12.19511,0.00,0.00
2015.05.15 05:18:59.107,12.19189,12.19511,0.00,0.00
2015.05.15 05:18:59.320,12.19196,12.19511,0.00,0.00
2015.05.15 05:18:59.628,12.19208,12.19511,0.00,0.00
2015.05.15 05:18:59.694,12.19195,12.19511,0.00,0.00
2015.05.15 05:19:00.095,12.19189,12.19511,0.00,0.00
2015.05.15 05:19:00.320,12.19196,12.19511,0.00,0.00
2015.05.15 05:19:00.826,12.19207,12.19511,0.00,0.00
2015.05.15 05:19:02.729,12.19189,12.19511,0.00,0.00
2015.05.15 05:19:02.829,12.19208,12.19511,0.00,0.00
2015.05.15 05:19:03.632,12.19195,12.19511,0.00,0.00
2015.05.15 05:19:04.033,12.19209,12.19511,0.00,0.00
2015.05.15 05:19:06.044,12.19196,12.19511,0.00,0.00
2015.05.15 05:19:08.327,12.19189,12.19511,0.00,0.00
2015.05.15 05:19:08.508,12.19194,12.19511,0.00,0.00
2015.05.15 05:19:09.241,12.19193,12.19511,0.00,0.00
2015.05.15 05:19:09.710,12.19207,12.19511,0.00,0.00
2015.05.15 05:19:09.811,12.19194,12.19511,0.00,0.00
2015.05.15 05:19:10.311,12.19206,12.19511,0.00,0.00
2015.05.15 05:19:10.511,12.19194,12.19511,0.00,0.00
2015.05.15 05:19:10.612,12.19189,12.1951,0.00,0.00
2015.05.15 05:19:10.812,12.19193,12.19511,0.00,0.00
2015.05.15 05:19:11.112,12.19189,12.19511,0.00,0.00
2015.05.15 05:19:12.113,12.19205,12.19511,0.00,0.00
2015.05.15 05:19:12.214,12.19189,12.19509,0.00,0.00
2015.05.15 05:19:14.917,12.19192,12.19511,0.00,0.00
2015.05.15 05:19:15.578,12.19191,12.19511,0.00,0.00
2015.05.15 05:19:17.038,12.19203,12.19511,0.00,0.00
2015.05.15 05:19:17.239,12.19189,12.19509,0.00,0.00
2015.05.15 05:19:17.340,12.19189,12.19507,0.00,0.00
2015.05.15 05:19:18.621,12.19179,12.19507,0.00,0.00
2015.05.15 05:19:19.607,12.1918,12.1951,0.00,0.00
2015.05.15 05:19:19.758,12.19205,12.19535,0.00,0.00
2015.05.15 05:19:20.110,12.19194,12.19522,0.00,0.00
2015.05.15 05:19:20.602,12.19181,12.19509,0.00,0.00
2015.05.15 05:19:21.770,12.19204,12.19534,0.00,0.00
2015.05.15 05:19:26.640,12.1918,12.19508,0.00,0.00
2015.05.15 05:19:27.035,12.19191,12.19521,0.00,0.00
2015.05.15 05:19:27.135,12.19204,12.19532,0.00,0.00
2015.05.15 05:19:28.737,12.19191,12.19521,0.00,0.00
2015.05.15 05:19:29.138,12.19179,12.19509,0.00,0.00
2015.05.15 05:19:29.439,12.19203,12.19533,0.00,0.00
2015.05.15 05:19:29.740,12.1918,12.19508,0.00,0.00
2015.05.15 05:19:32.268,12.1919,12.1952,0.00,0.00
2015.05.15 05:19:32.344,12.19203,12.19531,0.00,0.00
2015.05.15 05:19:33.446,12.19177,12.19507,0.00,0.00
2015.05.15 05:19:33.877,12.1919,12.1952,0.00,0.00
2015.05.15 05:19:34.348,12.19203,12.19531,0.00,0.00
2015.05.15 05:19:36.185,12.1919,12.1952,0.00,0.00
2015.05.15 05:19:36.352,12.19178,12.19506,0.00,0.00
2015.05.15 05:19:37.254,12.19189,12.19517,0.00,0.00
2015.05.15 05:19:40.760,12.19201,12.19529,0.00,0.00
2015.05.15 05:19:42.386,12.19188,12.19518,0.00,0.00
2015.05.15 05:19:42.563,12.19176,12.19506,0.00,0.00
2015.05.15 05:19:42.951,12.19189,12.19517,0.00,0.00
2015.05.15 05:19:43.208,12.192,12.1953,0.00,0.00
2015.05.15 05:19:44.471,12.192,12.1952,0.00,0.00
2015.05.15 05:19:44.521,12.19175,12.19505,0.00,0.00
2015.05.15 05:19:45.370,12.19185,12.1951,0.00,0.00
2015.05.15 05:19:45.587,12.19185,12.19515,0.00,0.00
2015.05.15 05:19:46.072,12.19173,12.19501,0.00,0.00
2015.05.15 05:19:47.536,12.19173,12.19471,0.00,0.00
2015.05.15 05:19:47.587,12.19147,12.19471,0.00,0.00
2015.05.15 05:19:47.735,12.19147,12.19477,0.00,0.00
2015.05.15 05:19:47.875,12.19166,12.19496,0.00,0.00
2015.05.15 05:19:48.781,12.19141,12.19469,0.00,0.00
2015.05.15 05:19:48.976,12.19166,12.19496,0.00,0.00
2015.05.15 05:19:49.286,12.1914,12.1947,0.00,0.00
2015.05.15 05:19:49.608,12.19152,12.19462,0.00,0.00
2015.05.15 05:19:50.051,12.19101,12.1941,0.00,0.00
2015.05.15 05:19:50.228,12.19101,12.19412,0.00,0.00
2015.05.15 05:19:50.772,12.19101,12.19409,0.00,0.00
2015.05.15 05:19:51.058,12.19088,12.19409,0.00,0.00
2015.05.15 05:19:52.193,12.19091,12.19412,0.00,0.00
2015.05.15 05:19:53.512,12.19088,12.19406,0.00,0.00
2015.05.15 05:19:54.143,12.19071,12.19367,0.00,0.00
2015.05.15 05:19:54.244,12.19001,12.19316,0.00,0.00
2015.05.15 05:19:54.294,12.19001,12.19306,0.00,0.00
2015.05.15 05:19:54.886,12.19001,12.19312,0.00,0.00
2015.05.15 05:19:55.448,12.19001,12.19312,0.00,0.00
2015.05.15 05:19:55.567,12.18988,12.19312,0.00,0.00
2015.05.15 05:19:58.290,12.18988,12.19301,0.00,0.00
2015.05.15 05:19:59.030,12.18988,12.19312,0.00,0.00
2015.05.15 05:20:00.496,12.1899,12.19312,0.00,0.00
2015.05.15 05:20:01.997,12.18988,12.19306,0.00,0.00
2015.05.15 05:20:04.402,12.18988,12.19312,0.00,0.00
2015.05.15 05:20:06.405,12.18997,12.19312,0.00,0.00
2015.05.15 05:20:11.011,12.18988,12.19306,0.00,0.00
2015.05.15 05:20:11.317,12.18988,12.19312,0.00,0.00
2015.05.15 05:20:12.538,12.18988,12.19303,0.00,0.00
2015.05.15 05:20:12.714,12.18988,12.19312,0.00,0.00
2015.05.15 05:20:13.326,12.18997,12.19312,0.00,0.00
2015.05.15 05:20:13.859,12.19001,12.19312,0.00,0.00
2015.05.15 05:20:14.317,12.1899,12.19312,0.00,0.00
2015.05.15 05:20:14.919,12.18988,12.19308,0.00,0.00
2015.05.15 05:20:16.021,12.19003,12.19312,0.00,0.00
2015.05.15 05:20:16.222,12.18992,12.19312,0.00,0.00
2015.05.15 05:20:16.323,12.18988,12.19309,0.00,0.00
2015.05.15 05:20:16.422,12.18992,12.19312,0.00,0.00
2015.05.15 05:20:17.743,12.18991,12.19312,0.00,0.00
2015.05.15 05:20:19.229,12.19006,12.19312,0.00,0.00
2015.05.15 05:20:19.529,12.18994,12.19312,0.00,0.00
2015.05.15 05:20:20.461,12.19008,12.19312,0.00,0.00
2015.05.15 05:20:21.033,12.18996,12.19312,0.00,0.00
2015.05.15 05:20:21.950,12.19012,12.19312,0.00,0.00
2015.05.15 05:20:22.287,12.19089,12.194,0.00,0.00
2015.05.15 05:20:22.369,12.19092,12.19411,0.00,0.00
2015.05.15 05:20:22.536,12.19089,12.19409,0.00,0.00
2015.05.15 05:20:22.654,12.19093,12.19411,0.00,0.00
2015.05.15 05:20:23.037,12.19089,12.194,0.00,0.00
2015.05.15 05:20:23.558,12.19089,12.19411,0.00,0.00
2015.05.15 05:20:25.542,12.19093,12.19411,0.00,0.00
2015.05.15 05:20:25.867,12.19089,12.194,0.00,0.00
2015.05.15 05:20:26.143,12.19089,12.19411,0.00,0.00
2015.05.15 05:20:30.550,12.19089,12.19408,0.00,0.00
2015.05.15 05:20:32.170,12.19089,12.1938,0.00,0.00
2015.05.15 05:20:34.200,12.19041,12.19361,0.00,0.00
2015.05.15 05:20:34.255,12.19039,12.19361,0.00,0.00
2015.05.15 05:20:34.367,12.19039,12.19347,0.00,0.00
2015.05.15 05:20:34.556,12.19039,12.1936,0.00,0.00
2015.05.15 05:20:34.768,12.19039,12.19348,0.00,0.00
2015.05.15 05:20:36.169,12.19002,12.19311,0.00,0.00
2015.05.15 05:20:36.271,12.18989,12.19309,0.00,0.00
2015.05.15 05:20:36.659,12.18991,12.19311,0.00,0.00
2015.05.15 05:20:37.160,12.18989,12.19309,0.00,0.00
2015.05.15 05:20:37.614,12.19004,12.19311,0.00,0.00
2015.05.15 05:20:37.665,12.18989,12.19309,0.00,0.00
2015.05.15 05:20:38.068,12.18992,12.19311,0.00,0.00
2015.05.15 05:20:38.169,12.18989,12.19309,0.00,0.00
2015.05.15 05:20:51.427,12.18996,12.19311,0.00,0.00
2015.05.15 05:21:00.996,12.19007,12.19311,0.00,0.00
2015.05.15 05:21:02.811,12.19,12.19311,0.00,0.00
2015.05.15 05:21:03.118,12.19029,12.19311,0.00,0.00
2015.05.15 05:21:03.235,12.19073,12.19362,0.00,0.00
2015.05.15 05:21:03.314,12.19094,12.19362,0.00,0.00
2015.05.15 05:21:03.516,12.19071,12.19362,0.00,0.00
2015.05.15 05:21:03.566,12.19088,12.19379,0.00,0.00
2015.05.15 05:21:03.906,12.19094,12.19379,0.00,0.00
2015.05.15 05:21:04.535,12.19094,12.19412,0.00,0.00
2015.05.15 05:21:05.047,12.19088,12.194,0.00,0.00
2015.05.15 05:21:05.934,12.19088,12.19412,0.00,0.00
2015.05.15 05:21:07.126,12.19088,12.19377,0.00,0.00
2015.05.15 05:21:07.277,12.19002,12.19312,0.00,0.00
2015.05.15 05:21:08.429,12.19002,12.19306,0.00,0.00
2015.05.15 05:21:08.529,12.18991,12.19306,0.00,0.00
2015.05.15 05:21:11.034,12.18991,12.19312,0.00,0.00
2015.05.15 05:21:13.068,12.18991,12.19294,0.00,0.00
2015.05.15 05:21:13.443,12.18991,12.19305,0.00,0.00
2015.05.15 05:21:13.544,12.18991,12.19281,0.00,0.00
2015.05.15 05:21:14.188,12.18991,12.19293,0.00,0.00
2015.05.15 05:21:15.249,12.18991,12.19305,0.00,0.00
2015.05.15 05:21:15.300,12.19011,12.19305,0.00,0.00
2015.05.15 05:21:15.751,12.19011,12.19294,0.00,0.00
2015.05.15 05:21:17.354,12.19011,12.1931,0.00,0.00
2015.05.15 05:21:17.404,12.19039,12.1931,0.00,0.00
2015.05.15 05:21:17.455,12.19039,12.19355,0.00,0.00
2015.05.15 05:21:17.506,12.19051,12.19355,0.00,0.00
2015.05.15 05:21:17.955,12.19051,12.19341,0.00,0.00
2015.05.15 05:21:18.459,12.19051,12.19351,0.00,0.00
2015.05.15 05:21:18.657,12.19051,12.19361,0.00,0.00
2015.05.15 05:21:19.172,12.19051,12.19301,0.00,0.00
2015.05.15 05:21:19.273,12.19021,12.19289,0.00,0.00
2015.05.15 05:21:19.504,12.19021,12.19302,0.00,0.00
2015.05.15 05:21:19.658,12.19021,12.19312,0.00,0.00
2015.05.15 05:21:21.560,12.19021,12.1929,0.00,0.00
2015.05.15 05:21:22.093,12.19021,12.19302,0.00,0.00
2015.05.15 05:21:22.262,12.19021,12.19289,0.00,0.00
2015.05.15 05:21:22.663,12.19021,12.19298,0.00,0.00
2015.05.15 05:21:27.884,12.19021,12.19309,0.00,0.00
2015.05.15 05:21:28.600,12.19021,12.19285,0.00,0.00
2015.05.15 05:21:31.485,12.19021,12.19309,0.00,0.00
2015.05.15 05:21:31.991,12.19021,12.19285,0.00,0.00
2015.05.15 05:21:51.950,12.19021,12.19282,0.00,0.00
2015.05.15 05:21:52.212,12.19021,12.19304,0.00,0.00
2015.05.15 05:21:52.463,12.18992,12.19304,0.00,0.00
2015.05.15 05:22:01.579,12.18992,12.19282,0.00,0.00
2015.05.15 05:22:01.965,12.18992,12.19294,0.00,0.00
2015.05.15 05:22:02.371,12.18992,12.19282,0.00,0.00
2015.05.15 05:22:10.176,12.18992,12.19303,0.00,0.00
2015.05.15 05:22:11.299,12.18992,12.19283,0.00,0.00
2015.05.15 05:22:12.487,12.18992,12.19295,0.00,0.00
2015.05.15 05:22:13.968,12.18992,12.19308,0.00,0.00
2015.05.15 05:22:14.172,12.18992,12.19295,0.00,0.00
2015.05.15 05:22:14.782,12.18992,12.19282,0.00,0.00
2015.05.15 05:22:25.980,12.18992,12.19292,0.00,0.00
2015.05.15 05:22:26.081,12.18992,12.19304,0.00,0.00
2015.05.15 05:22:27.582,12.18992,12.19294,0.00,0.00
2015.05.15 05:22:30.886,12.18992,12.19281,0.00,0.00
2015.05.15 05:22:32.819,12.18992,12.19305,0.00,0.00
2015.05.15 05:22:32.920,12.18992,12.19318,0.00,0.00
2015.05.15 05:22:36.840,12.18992,12.19305,0.00,0.00
2015.05.15 05:22:37.425,12.18992,12.19291,0.00,0.00
2015.05.15 05:22:37.596,12.18992,12.19304,0.00,0.00
2015.05.15 05:22:39.799,12.18992,12.19316,0.00,0.00
2015.05.15 05:22:39.899,12.18986,12.19316,0.00,0.00
2015.05.15 05:22:40.000,12.18975,12.19303,0.00,0.00
2015.05.15 05:22:43.209,12.18961,12.19291,0.00,0.00
2015.05.15 05:22:43.409,12.18974,12.19302,0.00,0.00
2015.05.15 05:22:43.510,12.18985,12.19315,0.00,0.00
2015.05.15 05:22:48.452,12.18961,12.19291,0.00,0.00
2015.05.15 05:22:57.951,12.18978,12.19308,0.00,0.00
2015.05.15 05:23:01.972,12.18966,12.19296,0.00,0.00
2015.05.15 05:23:06.932,12.1895,12.19224,0.00,0.00
2015.05.15 05:23:07.059,12.1894,12.19224,0.00,0.00
2015.05.15 05:23:07.867,12.18939,12.19224,0.00,0.00
2015.05.15 05:23:09.174,12.1894,12.19224,0.00,0.00
2015.05.15 05:23:09.848,12.18939,12.19224,0.00,0.00
2015.05.15 05:23:11.219,12.1894,12.19224,0.00,0.00
2015.05.15 05:23:13.215,12.18939,12.19224,0.00,0.00
2015.05.15 05:23:15.005,12.1895,12.19224,0.00,0.00
2015.05.15 05:23:16.811,12.18949,12.19224,0.00,0.00
2015.05.15 05:23:17.519,12.1895,12.19224,0.00,0.00
2015.05.15 05:23:24.450,12.18949,12.19224,0.00,0.00
2015.05.15 05:23:25.177,12.1895,12.19224,0.00,0.00
2015.05.15 05:23:25.763,12.18949,12.19224,0.00,0.00
2015.05.15 05:23:25.966,12.18939,12.19224,0.00,0.00
2015.05.15 05:23:26.720,12.18969,12.19224,0.00,0.00
2015.05.15 05:23:26.771,12.18969,12.19235,0.00,0.00
2015.05.15 05:23:27.058,12.18969,12.19223,0.00,0.00
2015.05.15 05:23:27.108,12.18959,12.19223,0.00,0.00
2015.05.15 05:23:27.789,12.18939,12.19223,0.00,0.00
2015.05.15 05:23:28.860,12.18939,12.19234,0.00,0.00
2015.05.15 05:23:29.467,12.1894,12.19234,0.00,0.00
2015.05.15 05:23:31.448,12.18939,12.19234,0.00,0.00
2015.05.15 05:23:31.498,12.18939,12.19224,0.00,0.00
2015.05.15 05:23:33.028,12.1894,12.19224,0.00,0.00
2015.05.15 05:23:33.838,12.18959,12.19224,0.00,0.00
2015.05.15 05:23:33.889,12.18959,12.19235,0.00,0.00
2015.05.15 05:23:33.939,12.18969,12.19235,0.00,0.00
2015.05.15 05:23:34.446,12.1897,12.19223,0.00,0.00
2015.05.15 05:23:35.028,12.18969,12.19223,0.00,0.00
2015.05.15 05:23:36.484,12.18949,12.19223,0.00,0.00
2015.05.15 05:23:36.618,12.18939,12.19223,0.00,0.00
2015.05.15 05:23:37.493,12.18949,12.19223,0.00,0.00
2015.05.15 05:23:39.477,12.18949,12.19234,0.00,0.00
2015.05.15 05:23:39.528,12.18969,12.19234,0.00,0.00
2015.05.15 05:23:40.057,12.1897,12.19234,0.00,0.00
2015.05.15 05:23:40.562,12.18969,12.19234,0.00,0.00
2015.05.15 05:23:41.182,12.18969,12.19223,0.00,0.00
2015.05.15 05:23:41.743,12.18939,12.19223,0.00,0.00
2015.05.15 05:23:41.840,12.1895,12.19223,0.00,0.00
2015.05.15 05:23:41.992,12.18949,12.19236,0.00,0.00
2015.05.15 05:23:42.194,12.18949,12.19224,0.00,0.00
2015.05.15 05:23:42.450,12.18939,12.19224,0.00,0.00
2015.05.15 05:23:43.084,12.18949,12.19224,0.00,0.00
2015.05.15 05:23:43.134,12.18949,12.19237,0.00,0.00
2015.05.15 05:23:43.667,12.1895,12.19237,0.00,0.00
2015.05.15 05:23:44.172,12.18949,12.19237,0.00,0.00
2015.05.15 05:23:44.411,12.18959,12.19237,0.00,0.00
2015.05.15 05:23:47.908,12.1896,12.19237,0.00,0.00
2015.05.15 05:23:49.427,12.18959,12.19237,0.00,0.00
2015.05.15 05:23:50.016,12.1896,12.19237,0.00,0.00
2015.05.15 05:23:50.996,12.1896,12.19223,0.00,0.00
2015.05.15 05:23:51.736,12.18959,12.19223,0.00,0.00
2015.05.15 05:23:52.395,12.1896,12.19223,0.00,0.00
2015.05.15 05:23:52.725,12.18969,12.19223,0.00,0.00
2015.05.15 05:23:55.509,12.1897,12.19223,0.00,0.00
2015.05.15 05:23:56.417,12.18969,12.19223,0.00,0.00
2015.05.15 05:23:57.475,12.1897,12.19223,0.00,0.00
2015.05.15 05:23:59.340,12.18969,12.19223,0.00,0.00
2015.05.15 05:23:59.844,12.1896,12.19223,0.00,0.00
2015.05.15 05:24:01.258,12.18959,12.19223,0.00,0.00
2015.05.15 05:24:01.788,12.1896,12.19223,0.00,0.00
2015.05.15 05:24:05.028,12.18959,12.19223,0.00,0.00
2015.05.15 05:24:06.899,12.1896,12.19223,0.00,0.00
2015.05.15 05:24:08.438,12.18959,12.19223,0.00,0.00
2015.05.15 05:24:08.968,12.1895,12.19223,0.00,0.00
2015.05.15 05:24:09.174,12.18949,12.19244,0.00,0.00
2015.05.15 05:24:09.526,12.18949,12.19232,0.00,0.00
2015.05.15 05:24:10.754,12.1895,12.19232,0.00,0.00
2015.05.15 05:24:12.633,12.18949,12.19232,0.00,0.00
2015.05.15 05:24:14.539,12.1895,12.19232,0.00,0.00
2015.05.15 05:24:16.444,12.18949,12.19232,0.00,0.00
2015.05.15 05:24:16.846,12.18959,12.19232,0.00,0.00
2015.05.15 05:24:18.853,12.18949,12.19232,0.00,0.00
2015.05.15 05:24:18.953,12.18939,12.19232,0.00,0.00
2015.05.15 05:24:19.615,12.1894,12.19232,0.00,0.00
2015.05.15 05:24:20.263,12.18939,12.19232,0.00,0.00
2015.05.15 05:24:27.497,12.18949,12.19232,0.00,0.00
2015.05.15 05:24:28.001,12.18959,12.19232,0.00,0.00
2015.05.15 05:24:28.509,12.1897,12.19232,0.00,0.00
2015.05.15 05:24:29.713,12.18969,12.19232,0.00,0.00
2015.05.15 05:24:30.223,12.1897,12.19231,0.00,0.00
2015.05.15 05:24:30.885,12.18969,12.19231,0.00,0.00
2015.05.15 05:24:31.321,12.18979,12.19231,0.00,0.00
2015.05.15 05:24:32.728,12.1897,12.19231,0.00,0.00
2015.05.15 05:24:32.829,12.18979,12.19231,0.00,0.00
2015.05.15 05:24:33.249,12.18969,12.19231,0.00,0.00
2015.05.15 05:24:33.858,12.1897,12.19231,0.00,0.00
2015.05.15 05:24:35.438,12.18969,12.19231,0.00,0.00
2015.05.15 05:24:36.168,12.1897,12.19231,0.00,0.00
2015.05.15 05:24:36.828,12.18969,12.19231,0.00,0.00
2015.05.15 05:24:37.343,12.1897,12.19231,0.00,0.00
2015.05.15 05:24:37.575,12.18979,12.19246,0.00,0.00
2015.05.15 05:24:37.817,12.18969,12.19246,0.00,0.00
2015.05.15 05:24:37.918,12.1895,12.19225,0.00,0.00
2015.05.15 05:24:38.473,12.18949,12.19225,0.00,0.00
2015.05.15 05:24:39.192,12.1895,12.19225,0.00,0.00
2015.05.15 05:24:39.852,12.18949,12.19225,0.00,0.00
2015.05.15 05:24:41.360,12.1895,12.19225,0.00,0.00
2015.05.15 05:24:42.112,12.18949,12.19225,0.00,0.00
2015.05.15 05:24:42.313,12.18949,12.19246,0.00,0.00
2015.05.15 05:24:42.564,12.18939,12.19246,0.00,0.00
2015.05.15 05:24:43.308,12.1894,12.19246,0.00,0.00
2015.05.15 05:24:44.091,12.18939,12.19246,0.00,0.00
2015.05.15 05:24:45.131,12.1895,12.19246,0.00,0.00
2015.05.15 05:24:46.390,12.18949,12.19246,0.00,0.00
2015.05.15 05:24:47.295,12.1895,12.19246,0.00,0.00
2015.05.15 05:24:47.724,12.18959,12.19246,0.00,0.00
2015.05.15 05:24:48.105,12.18959,12.19234,0.00,0.00
2015.05.15 05:24:49.110,12.1896,12.19234,0.00,0.00
2015.05.15 05:24:50.236,12.18959,12.19234,0.00,0.00
2015.05.15 05:24:51.271,12.18949,12.19234,0.00,0.00
2015.05.15 05:24:52.639,12.1895,12.19234,0.00,0.00
2015.05.15 05:24:52.787,12.18959,12.19234,0.00,0.00
2015.05.15 05:24:53.447,12.1896,12.19234,0.00,0.00
2015.05.15 05:24:54.758,12.18949,12.19234,0.00,0.00
2015.05.15 05:24:55.427,12.1895,12.19234,0.00,0.00
2015.05.15 05:24:55.861,12.1894,12.19234,0.00,0.00
2015.05.15 05:24:56.864,12.18939,12.19234,0.00,0.00
2015.05.15 05:24:57.164,12.18949,12.19234,0.00,0.00
2015.05.15 05:24:58.169,12.1896,12.19234,0.00,0.00
2015.05.15 05:24:58.779,12.18959,12.19234,0.00,0.00
2015.05.15 05:24:59.274,12.1895,12.19234,0.00,0.00
2015.05.15 05:24:59.325,12.1895,12.19223,0.00,0.00
2015.05.15 05:25:00.327,12.1895,12.19236,0.00,0.00
2015.05.15 05:25:01.587,12.18949,12.19236,0.00,0.00
2015.05.15 05:25:02.368,12.1895,12.19236,0.00,0.00
2015.05.15 05:25:02.693,12.1896,12.19236,0.00,0.00
2015.05.15 05:25:02.844,12.1896,12.1925,0.00,0.00
2015.05.15 05:25:02.895,12.1897,12.1925,0.00,0.00
2015.05.15 05:25:03.267,12.1897,12.19224,0.00,0.00
2015.05.15 05:25:03.319,12.18969,12.19236,0.00,0.00
2015.05.15 05:25:03.847,12.1897,12.19249,0.00,0.00
2015.05.15 05:25:04.311,12.18969,12.19224,0.00,0.00
2015.05.15 05:25:04.421,12.18969,12.19237,0.00,0.00
2015.05.15 05:25:04.989,12.1897,12.19237,0.00,0.00
2015.05.15 05:25:05.935,12.1897,12.19249,0.00,0.00
2015.05.15 05:25:06.036,12.1898,12.19249,0.00,0.00
2015.05.15 05:25:06.367,12.1898,12.19225,0.00,0.00
2015.05.15 05:25:06.468,12.1898,12.19237,0.00,0.00
2015.05.15 05:25:06.731,12.18979,12.19249,0.00,0.00
2015.05.15 05:25:07.328,12.1898,12.19248,0.00,0.00
2015.05.15 05:25:09.141,12.18979,12.19248,0.00,0.00
2015.05.15 05:25:11.053,12.18979,12.19224,0.00,0.00
2015.05.15 05:25:13.599,12.18969,12.19224,0.00,0.00
2015.05.15 05:25:14.861,12.1897,12.19224,0.00,0.00
2015.05.15 05:25:15.867,12.18969,12.19224,0.00,0.00
2015.05.15 05:25:19.638,12.18969,12.19237,0.00,0.00
2015.05.15 05:25:19.743,12.18969,12.19249,0.00,0.00
2015.05.15 05:25:19.938,12.18969,12.19237,0.00,0.00
2015.05.15 05:25:20.600,12.1897,12.19237,0.00,0.00
2015.05.15 05:25:21.608,12.18969,12.19237,0.00,0.00
2015.05.15 05:25:22.515,12.1897,12.19237,0.00,0.00
2015.05.15 05:25:23.420,12.18969,12.19237,0.00,0.00
2015.05.15 05:25:25.365,12.1897,12.19237,0.00,0.00
2015.05.15 05:25:26.341,12.18969,12.19237,0.00,0.00
2015.05.15 05:25:28.253,12.1897,12.19237,0.00,0.00
2015.05.15 05:25:29.253,12.1897,12.1925,0.00,0.00
2015.05.15 05:25:29.304,12.18979,12.1925,0.00,0.00
2015.05.15 05:25:29.655,12.1898,12.19236,0.00,0.00
2015.05.15 05:25:29.956,12.1898,12.19224,0.00,0.00
2015.05.15 05:25:30.200,12.1898,12.19236,0.00,0.00
2015.05.15 05:25:30.257,12.1898,12.19247,0.00,0.00
2015.05.15 05:25:30.358,12.18979,12.19236,0.00,0.00
2015.05.15 05:25:30.761,12.1898,12.19224,0.00,0.00
2015.05.15 05:25:31.559,12.1898,12.19235,0.00,0.00
2015.05.15 05:25:31.890,12.18969,12.19235,0.00,0.00
2015.05.15 05:25:32.413,12.1897,12.19235,0.00,0.00
2015.05.15 05:25:33.901,12.18969,12.19235,0.00,0.00
2015.05.15 05:25:35.765,12.18969,12.19247,0.00,0.00
2015.05.15 05:25:35.816,12.1898,12.19247,0.00,0.00
2015.05.15 05:25:36.144,12.1898,12.19223,0.00,0.00
2015.05.15 05:25:36.367,12.1898,12.19236,0.00,0.00
2015.05.15 05:25:36.825,12.18969,12.19236,0.00,0.00
2015.05.15 05:25:37.745,12.1897,12.19236,0.00,0.00
2015.05.15 05:25:38.635,12.18969,12.19236,0.00,0.00
2015.05.15 05:25:39.442,12.1897,12.19236,0.00,0.00
2015.05.15 05:25:40.005,12.18969,12.19236,0.00,0.00
2015.05.15 05:25:40.551,12.1897,12.19236,0.00,0.00
2015.05.15 05:25:42.465,12.18969,12.19236,0.00,0.00
2015.05.15 05:25:42.516,12.18969,12.19248,0.00,0.00
2015.05.15 05:25:42.820,12.18969,12.19236,0.00,0.00
2015.05.15 05:25:43.419,12.1897,12.19236,0.00,0.00
2015.05.15 05:25:43.759,12.1897,12.19223,0.00,0.00
2015.05.15 05:25:43.932,12.18969,12.19236,0.00,0.00
2015.05.15 05:25:45.297,12.1897,12.19236,0.00,0.00
2015.05.15 05:25:46.191,12.1897,12.19249,0.00,0.00
2015.05.15 05:25:46.392,12.18969,12.19236,0.00,0.00
2015.05.15 05:25:46.693,12.18969,12.19224,0.00,0.00
2015.05.15 05:25:46.906,12.18969,12.19236,0.00,0.00
2015.05.15 05:25:47.457,12.1897,12.19236,0.00,0.00
2015.05.15 05:25:48.168,12.1896,12.19236,0.00,0.00
2015.05.15 05:25:48.725,12.1897,12.19236,0.00,0.00
2015.05.15 05:25:49.936,12.18969,12.19236,0.00,0.00
2015.05.15 05:25:50.035,12.18959,12.19236,0.00,0.00
2015.05.15 05:25:50.824,12.1896,12.19236,0.00,0.00
2015.05.15 05:25:51.343,12.18969,12.19236,0.00,0.00
2015.05.15 05:25:52.251,12.1897,12.19236,0.00,0.00
2015.05.15 05:25:52.955,12.1896,12.19236,0.00,0.00
2015.05.15 05:25:53.857,12.18959,12.19236,0.00,0.00
2015.05.15 05:25:55.293,12.1896,12.19236,0.00,0.00
2015.05.15 05:25:57.166,12.18959,12.19236,0.00,0.00
2015.05.15 05:25:58.168,12.18969,12.19236,0.00,0.00
2015.05.15 05:25:58.512,12.18969,12.19247,0.00,0.00
2015.05.15 05:25:59.070,12.1897,12.19247,0.00,0.00
2015.05.15 05:26:02.981,12.18969,12.19247,0.00,0.00
2015.05.15 05:26:04.083,12.1897,12.19247,0.00,0.00
2015.05.15 05:26:04.885,12.18969,12.19247,0.00,0.00
2015.05.15 05:26:05.678,12.1897,12.19247,0.00,0.00
2015.05.15 05:26:07.192,12.18969,12.19247,0.00,0.00
2015.05.15 05:26:09.147,12.18969,12.19223,0.00,0.00
2015.05.15 05:26:09.198,12.18938,12.19223,0.00,0.00
2015.05.15 05:26:09.248,12.18938,12.19206,0.00,0.00
2015.05.15 05:26:09.598,12.18989,12.19231,0.00,0.00
2015.05.15 05:26:10.246,12.18989,12.19244,0.00,0.00
2015.05.15 05:26:10.852,12.18989,12.19224,0.00,0.00
2015.05.15 05:26:11.876,12.18989,12.19248,0.00,0.00
2015.05.15 05:26:12.036,12.18989,12.19237,0.00,0.00
2015.05.15 05:26:13.576,12.18989,12.19249,0.00,0.00
2015.05.15 05:26:13.981,12.18989,12.19236,0.00,0.00
2015.05.15 05:26:16.742,12.18989,12.19248,0.00,0.00
2015.05.15 05:26:20.847,12.18989,12.19237,0.00,0.00
2015.05.15 05:26:22.598,12.18989,12.19248,0.00,0.00
2015.05.15 05:26:26.155,12.18989,12.19236,0.00,0.00
2015.05.15 05:26:31.097,12.18989,12.19225,0.00,0.00
2015.05.15 05:26:31.198,12.18989,12.1924,0.00,0.00
2015.05.15 05:26:32.696,12.18989,12.19229,0.00,0.00
2015.05.15 05:26:37.006,12.18989,12.19241,0.00,0.00
2015.05.15 05:26:40.675,12.18989,12.19225,0.00,0.00
2015.05.15 05:26:58.464,12.18951,12.19225,0.00,0.00
2015.05.15 05:26:58.514,12.1895,12.1919,0.00,0.00
2015.05.15 05:26:58.573,12.18938,12.1919,0.00,0.00
2015.05.15 05:26:58.624,12.18938,12.19143,0.00,0.00
2015.05.15 05:26:58.725,12.18902,12.19129,0.00,0.00
2015.05.15 05:26:58.903,12.18902,12.19142,0.00,0.00
2015.05.15 05:26:59.226,12.18902,12.19155,0.00,0.00
2015.05.15 05:26:59.923,12.18889,12.19155,0.00,0.00
2015.05.15 05:27:00.479,12.1889,12.19155,0.00,0.00
2015.05.15 05:27:02.433,12.18889,12.19155,0.00,0.00
2015.05.15 05:27:05.800,12.1889,12.19155,0.00,0.00
2015.05.15 05:27:06.026,12.18889,12.19134,0.00,0.00
2015.05.15 05:27:11.423,12.18889,12.19154,0.00,0.00
2015.05.15 05:27:12.794,12.18902,12.19154,0.00,0.00
2015.05.15 05:27:12.961,12.18938,12.19216,0.00,0.00
2015.05.15 05:27:13.011,12.18989,12.19216,0.00,0.00
2015.05.15 05:27:13.062,12.18989,12.19238,0.00,0.00
2015.05.15 05:27:13.227,12.18989,12.19221,0.00,0.00
2015.05.15 05:27:13.443,12.18989,12.19237,0.00,0.00
2015.05.15 05:27:13.928,12.18989,12.19226,0.00,0.00
2015.05.15 05:27:15.239,12.18989,12.19211,0.00,0.00
2015.05.15 05:27:16.132,12.18989,12.1923,0.00,0.00
2015.05.15 05:27:16.233,12.18989,12.19218,0.00,0.00
2015.05.15 05:27:17.042,12.18989,12.1919,0.00,0.00
2015.05.15 05:27:17.093,12.18888,12.1919,0.00,0.00
2015.05.15 05:27:17.201,12.18938,12.1919,0.00,0.00
2015.05.15 05:27:17.453,12.18938,12.19196,0.00,0.00
2015.05.15 05:27:17.742,12.18938,12.19184,0.00,0.00
2015.05.15 05:27:19.181,12.18938,12.19169,0.00,0.00
2015.05.15 05:27:19.283,12.18901,12.19138,0.00,0.00
2015.05.15 05:27:19.676,12.18901,12.1916,0.00,0.00
2015.05.15 05:27:19.727,12.18889,12.1916,0.00,0.00
2015.05.15 05:27:19.878,12.18889,12.19135,0.00,0.00
2015.05.15 05:27:22.742,12.18889,12.19159,0.00,0.00
2015.05.15 05:27:23.075,12.18889,12.19148,0.00,0.00
2015.05.15 05:27:23.377,12.18889,12.19146,0.00,0.00
2015.05.15 05:27:24.748,12.18889,12.19159,0.00,0.00
2015.05.15 05:27:28.458,12.18889,12.19147,0.00,0.00
2015.05.15 05:27:28.878,12.18889,12.19134,0.00,0.00
2015.05.15 05:27:29.161,12.18889,12.19154,0.00,0.00
2015.05.15 05:27:30.065,12.18889,12.19135,0.00,0.00
2015.05.15 05:27:30.166,12.18889,12.19146,0.00,0.00
2015.05.15 05:27:30.267,12.18889,12.19133,0.00,0.00
2015.05.15 05:27:30.367,12.18889,12.19145,0.00,0.00
2015.05.15 05:27:31.471,12.18889,12.19158,0.00,0.00
2015.05.15 05:27:31.572,12.18889,12.19145,0.00,0.00
2015.05.15 05:27:31.874,12.18889,12.19134,0.00,0.00
2015.05.15 05:27:31.974,12.18889,12.19146,0.00,0.00
2015.05.15 05:27:32.159,12.18889,12.19157,0.00,0.00
2015.05.15 05:27:32.271,12.18889,12.19146,0.00,0.00
2015.05.15 05:27:32.725,12.18889,12.19133,0.00,0.00
2015.05.15 05:27:32.775,12.18889,12.19157,0.00,0.00
2015.05.15 05:27:33.978,12.18889,12.19133,0.00,0.00
2015.05.15 05:27:35.694,12.18889,12.19152,0.00,0.00
2015.05.15 05:27:36.388,12.18889,12.19141,0.00,0.00
2015.05.15 05:27:36.863,12.18889,12.19128,0.00,0.00
2015.05.15 05:27:40.921,12.18889,12.19153,0.00,0.00
2015.05.15 05:27:41.608,12.18889,12.19129,0.00,0.00
2015.05.15 05:27:41.874,12.18889,12.19152,0.00,0.00
2015.05.15 05:27:42.389,12.18889,12.19153,0.00,0.00
2015.05.15 05:27:42.598,12.18889,12.19129,0.00,0.00
2015.05.15 05:27:42.875,12.18889,12.19153,0.00,0.00
2015.05.15 05:27:43.677,12.18889,12.1914,0.00,0.00
2015.05.15 05:27:50.793,12.18889,12.19127,0.00,0.00
2015.05.15 05:27:51.295,12.18889,12.1915,0.00,0.00
2015.05.15 05:27:51.704,12.18889,12.19138,0.00,0.00
2015.05.15 05:27:52.399,12.18889,12.19151,0.00,0.00
2015.05.15 05:27:52.550,12.18889,12.19139,0.00,0.00
2015.05.15 05:27:52.901,12.18889,12.19151,0.00,0.00
2015.05.15 05:27:53.603,12.18889,12.19138,0.00,0.00
2015.05.15 05:27:54.906,12.18889,12.19125,0.00,0.00
2015.05.15 05:27:55.422,12.18889,12.19124,0.00,0.00
2015.05.15 05:27:58.314,12.18889,12.19149,0.00,0.00
2015.05.15 05:28:06.810,12.18889,12.19126,0.00,0.00
2015.05.15 05:28:07.635,12.18889,12.19149,0.00,0.00
2015.05.15 05:28:09.939,12.18889,12.19137,0.00,0.00
2015.05.15 05:28:10.090,12.18889,12.19151,0.00,0.00
2015.05.15 05:28:10.243,12.18889,12.19139,0.00,0.00
2015.05.15 05:28:10.585,12.18889,12.19128,0.00,0.00
2015.05.15 05:28:10.946,12.18889,12.1914,0.00,0.00
2015.05.15 05:28:11.588,12.18929,12.1914,0.00,0.00
2015.05.15 05:28:11.689,12.1896,12.19183,0.00,0.00
2015.05.15 05:28:11.790,12.18951,12.19235,0.00,0.00
2015.05.15 05:28:11.840,12.18988,12.19235,0.00,0.00
2015.05.15 05:28:19.168,12.18988,12.19217,0.00,0.00
2015.05.15 05:28:20.370,12.18988,12.1923,0.00,0.00
2015.05.15 05:28:20.471,12.18988,12.19216,0.00,0.00
2015.05.15 05:28:41.031,12.18988,12.19215,0.00,0.00
2015.05.15 05:28:42.765,12.18988,12.19232,0.00,0.00
2015.05.15 05:28:43.668,12.18988,12.19215,0.00,0.00
2015.05.15 05:28:48.384,12.18988,12.19232,0.00,0.00
2015.05.15 05:28:48.974,12.18988,12.19215,0.00,0.00
2015.05.15 05:28:50.887,12.18988,12.19233,0.00,0.00
2015.05.15 05:28:52.251,12.18988,12.19221,0.00,0.00
2015.05.15 05:28:52.959,12.18988,12.19232,0.00,0.00
2015.05.15 05:29:00.221,12.18988,12.19219,0.00,0.00
2015.05.15 05:29:11.909,12.18981,12.19219,0.00,0.00
2015.05.15 05:29:31.275,12.18981,12.19232,0.00,0.00
2015.05.15 05:29:36.636,12.18981,12.1922,0.00,0.00
2015.05.15 05:29:40.753,12.18981,12.19231,0.00,0.00
2015.05.15 05:29:40.953,12.18981,12.19214,0.00,0.00
2015.05.15 05:29:41.104,12.18981,12.19231,0.00,0.00
2015.05.15 05:29:41.390,12.18981,12.19215,0.00,0.00
2015.05.15 05:29:42.058,12.18981,12.1923,0.00,0.00
2015.05.15 05:29:42.259,12.18981,12.19218,0.00,0.00
2015.05.15 05:29:44.563,12.18981,12.19233,0.00,0.00
2015.05.15 05:29:51.499,12.18981,12.19213,0.00,0.00
2015.05.15 05:29:51.549,12.18952,12.19213,0.00,0.00
2015.05.15 05:29:52.176,12.18952,12.19231,0.00,0.00
2015.05.15 05:29:54.323,12.18952,12.19219,0.00,0.00
2015.05.15 05:29:59.498,12.18952,12.19202,0.00,0.00
2015.05.15 05:30:00.103,12.18952,12.19219,0.00,0.00
2015.05.15 05:30:00.218,12.18952,12.19248,0.00,0.00
2015.05.15 05:30:01.108,12.18952,12.19237,0.00,0.00
2015.05.15 05:30:01.309,12.18952,12.19249,0.00,0.00
2015.05.15 05:30:01.515,12.18959,12.19249,0.00,0.00
2015.05.15 05:30:01.818,12.19001,12.19235,0.00,0.00
2015.05.15 05:30:02.205,12.19001,12.19264,0.00,0.00
2015.05.15 05:30:02.894,12.18988,12.19264,0.00,0.00
2015.05.15 05:30:03.226,12.19039,12.19302,0.00,0.00
2015.05.15 05:30:03.404,12.19051,12.19329,0.00,0.00
2015.05.15 05:30:03.554,12.19052,12.19346,0.00,0.00
2015.05.15 05:30:05.356,12.19052,12.19358,0.00,0.00
2015.05.15 05:30:05.414,12.19052,12.19345,0.00,0.00
2015.05.15 05:30:05.884,12.19151,12.19345,0.00,0.00
2015.05.15 05:30:05.935,12.19151,12.1938,0.00,0.00
2015.05.15 05:30:06.136,12.19151,12.19343,0.00,0.00
2015.05.15 05:30:06.237,12.19151,12.19381,0.00,0.00
2015.05.15 05:30:06.338,12.19151,12.19401,0.00,0.00
2015.05.15 05:30:06.389,12.19189,12.19401,0.00,0.00
2015.05.15 05:30:06.439,12.19189,12.19421,0.00,0.00
2015.05.15 05:30:07.944,12.19151,12.19391,0.00,0.00
2015.05.15 05:30:08.044,12.19188,12.19349,0.00,0.00
2015.05.15 05:30:08.145,12.19138,12.19348,0.00,0.00
2015.05.15 05:30:08.836,12.19189,12.19379,0.00,0.00
2015.05.15 05:30:08.937,12.19138,12.19348,0.00,0.00
2015.05.15 05:30:09.248,12.19188,12.19422,0.00,0.00
2015.05.15 05:30:09.824,12.19188,12.19433,0.00,0.00
2015.05.15 05:30:10.942,12.19188,12.19421,0.00,0.00
2015.05.15 05:30:12.134,12.19202,12.19421,0.00,0.00
2015.05.15 05:30:12.453,12.19288,12.19496,0.00,0.00
2015.05.15 05:30:12.756,12.19288,12.19483,0.00,0.00
2015.05.15 05:30:13.281,12.19288,12.19484,0.00,0.00
2015.05.15 05:30:14.211,12.19252,12.19484,0.00,0.00
2015.05.15 05:30:14.261,12.19252,12.19449,0.00,0.00
2015.05.15 05:30:14.362,12.19189,12.19449,0.00,0.00
2015.05.15 05:30:16.526,12.19151,12.19449,0.00,0.00
2015.05.15 05:30:16.577,12.19151,12.19385,0.00,0.00
2015.05.15 05:30:16.627,12.19101,12.19385,0.00,0.00
2015.05.15 05:30:16.678,12.19101,12.19371,0.00,0.00
2015.05.15 05:30:17.854,12.19089,12.19371,0.00,0.00
2015.05.15 05:30:21.358,12.19089,12.19383,0.00,0.00
2015.05.15 05:30:21.659,12.19089,12.1937,0.00,0.00
2015.05.15 05:30:21.810,12.19002,12.19286,0.00,0.00
2015.05.15 05:30:21.860,12.19002,12.1927,0.00,0.00
2015.05.15 05:30:22.461,12.19002,12.19293,0.00,0.00
2015.05.15 05:30:22.862,12.19002,12.19282,0.00,0.00
2015.05.15 05:30:23.169,12.18989,12.19293,0.00,0.00
2015.05.15 05:30:23.585,12.19039,12.19314,0.00,0.00
2015.05.15 05:30:23.686,12.19039,12.19328,0.00,0.00
2015.05.15 05:30:23.916,12.19089,12.19328,0.00,0.00
2015.05.15 05:30:24.017,12.19089,12.19367,0.00,0.00
2015.05.15 05:30:24.067,12.19089,12.19355,0.00,0.00
2015.05.15 05:30:24.368,12.19089,12.19371,0.00,0.00
2015.05.15 05:30:24.469,12.19089,12.19358,0.00,0.00
2015.05.15 05:30:24.570,12.19052,12.19336,0.00,0.00
2015.05.15 05:30:24.671,12.19052,12.19312,0.00,0.00
2015.05.15 05:30:24.721,12.18991,12.19312,0.00,0.00
2015.05.15 05:30:24.772,12.18991,12.19272,0.00,0.00
2015.05.15 05:30:24.872,12.18988,12.19272,0.00,0.00
2015.05.15 05:30:25.634,12.19038,12.19272,0.00,0.00
2015.05.15 05:30:25.684,12.19038,12.19282,0.00,0.00
2015.05.15 05:30:25.785,12.19038,12.19313,0.00,0.00
2015.05.15 05:30:25.886,12.19038,12.19328,0.00,0.00
2015.05.15 05:30:26.147,12.19038,12.19336,0.00,0.00
2015.05.15 05:30:26.197,12.19038,12.19325,0.00,0.00
2015.05.15 05:30:26.298,12.19038,12.19337,0.00,0.00
2015.05.15 05:30:26.476,12.19038,12.1932,0.00,0.00
2015.05.15 05:30:27.177,12.19088,12.1932,0.00,0.00
2015.05.15 05:30:27.227,12.19088,12.19376,0.00,0.00
2015.05.15 05:30:27.679,12.19088,12.19365,0.00,0.00
2015.05.15 05:30:28.481,12.19088,12.19379,0.00,0.00
2015.05.15 05:30:28.926,12.19088,12.19367,0.00,0.00
2015.05.15 05:30:29.027,12.18988,12.19286,0.00,0.00
2015.05.15 05:30:29.083,12.18988,12.1927,0.00,0.00
2015.05.15 05:30:29.786,12.18988,12.19257,0.00,0.00
2015.05.15 05:30:30.296,12.18961,12.19242,0.00,0.00
2015.05.15 05:30:30.431,12.18961,12.19261,0.00,0.00
2015.05.15 05:30:30.741,12.18961,12.19211,0.00,0.00
2015.05.15 05:30:30.792,12.18902,12.19186,0.00,0.00
2015.05.15 05:30:30.893,12.18902,12.19172,0.00,0.00
2015.05.15 05:30:31.286,12.18939,12.19172,0.00,0.00
2015.05.15 05:30:31.337,12.18941,12.19211,0.00,0.00
2015.05.15 05:30:31.394,12.18941,12.1925,0.00,0.00
2015.05.15 05:30:31.495,12.18989,12.19273,0.00,0.00
2015.05.15 05:30:31.812,12.18989,12.19258,0.00,0.00
2015.05.15 05:30:31.913,12.18951,12.19235,0.00,0.00
2015.05.15 05:30:32.014,12.18951,12.1922,0.00,0.00
2015.05.15 05:30:32.333,12.18951,12.19182,0.00,0.00
2015.05.15 05:30:32.383,12.18938,12.19182,0.00,0.00
2015.05.15 05:30:32.548,12.18938,12.19228,0.00,0.00
2015.05.15 05:30:33.200,12.18938,12.19227,0.00,0.00
2015.05.15 05:30:37.644,12.18938,12.19239,0.00,0.00
2015.05.15 05:30:38.608,12.18938,12.19228,0.00,0.00
2015.05.15 05:30:39.209,12.18938,12.19227,0.00,0.00
2015.05.15 05:30:39.310,12.18938,12.19239,0.00,0.00
2015.05.15 05:30:39.412,12.18938,12.19228,0.00,0.00
2015.05.15 05:30:49.530,12.18938,12.19241,0.00,0.00
2015.05.15 05:30:50.355,12.18938,12.19262,0.00,0.00
2015.05.15 05:30:50.406,12.18988,12.19268,0.00,0.00
2015.05.15 05:30:50.456,12.18988,12.19286,0.00,0.00
2015.05.15 05:30:50.763,12.18988,12.19264,0.00,0.00
2015.05.15 05:30:50.824,12.18938,12.19262,0.00,0.00
2015.05.15 05:30:50.976,12.18938,12.19175,0.00,0.00
2015.05.15 05:30:51.093,12.18888,12.19175,0.00,0.00
2015.05.15 05:30:51.633,12.18888,12.19198,0.00,0.00
2015.05.15 05:30:51.734,12.18939,12.19239,0.00,0.00
2015.05.15 05:30:52.033,12.18939,12.19261,0.00,0.00
2015.05.15 05:30:52.084,12.18988,12.19269,0.00,0.00
2015.05.15 05:30:52.464,12.18988,12.19209,0.00,0.00
2015.05.15 05:30:52.515,12.18911,12.19209,0.00,0.00
2015.05.15 05:30:52.565,12.18891,12.19174,0.00,0.00
2015.05.15 05:30:52.723,12.18889,12.19174,0.00,0.00
2015.05.15 05:30:52.774,12.18889,12.19185,0.00,0.00
2015.05.15 05:30:52.834,12.18889,12.19199,0.00,0.00
2015.05.15 05:30:53.235,12.18889,12.19174,0.00,0.00
2015.05.15 05:30:53.784,12.18889,12.19205,0.00,0.00
2015.05.15 05:30:53.834,12.18939,12.19205,0.00,0.00
2015.05.15 05:30:53.885,12.18939,12.19217,0.00,0.00
2015.05.15 05:30:54.037,12.18939,12.19249,0.00,0.00
2015.05.15 05:30:54.254,12.18888,12.1919,0.00,0.00
2015.05.15 05:30:54.576,12.18888,12.19179,0.00,0.00
2015.05.15 05:30:54.637,12.18888,12.19191,0.00,0.00
2015.05.15 05:30:54.837,12.18888,12.19179,0.00,0.00
2015.05.15 05:30:55.375,12.18939,12.19217,0.00,0.00
2015.05.15 05:30:55.476,12.18939,12.19241,0.00,0.00
2015.05.15 05:30:56.344,12.18989,12.19268,0.00,0.00
2015.05.15 05:30:58.342,12.18989,12.19267,0.00,0.00
2015.05.15 05:30:58.633,12.18939,12.19261,0.00,0.00
2015.05.15 05:30:58.684,12.18939,12.19248,0.00,0.00
2015.05.15 05:30:58.785,12.18895,12.19211,0.00,0.00
2015.05.15 05:30:58.960,12.18889,12.19171,0.00,0.00
2015.05.15 05:30:59.066,12.18889,12.19182,0.00,0.00
2015.05.15 05:30:59.167,12.18889,12.19171,0.00,0.00
2015.05.15 05:30:59.318,12.18888,12.19194,0.00,0.00
2015.05.15 05:30:59.369,12.18888,12.19171,0.00,0.00
2015.05.15 05:30:59.469,12.18888,12.19194,0.00,0.00
2015.05.15 05:30:59.570,12.18888,12.19172,0.00,0.00
2015.05.15 05:31:03.388,12.18888,12.19192,0.00,0.00
2015.05.15 05:31:04.878,12.18888,12.19172,0.00,0.00
2015.05.15 05:31:05.359,12.18888,12.19193,0.00,0.00
2015.05.15 05:31:06.482,12.18888,12.19171,0.00,0.00
2015.05.15 05:31:10.407,12.18849,12.19161,0.00,0.00
2015.05.15 05:31:10.508,12.18841,12.19161,0.00,0.00
2015.05.15 05:31:10.558,12.18888,12.19165,0.00,0.00
2015.05.15 05:31:10.972,12.18888,12.19183,0.00,0.00
2015.05.15 05:31:11.797,12.18888,12.19171,0.00,0.00
2015.05.15 05:31:12.400,12.18888,12.19159,0.00,0.00
2015.05.15 05:31:13.102,12.18888,12.19173,0.00,0.00
2015.05.15 05:31:13.508,12.18799,12.19112,0.00,0.00
2015.05.15 05:31:13.609,12.18788,12.19097,0.00,0.00
2015.05.15 05:31:13.930,12.18788,12.19084,0.00,0.00
2015.05.15 05:31:14.307,12.18788,12.19106,0.00,0.00
2015.05.15 05:31:14.691,12.18788,12.19092,0.00,0.00
2015.05.15 05:31:15.306,12.18788,12.1908,0.00,0.00
2015.05.15 05:31:15.637,12.18749,12.19038,0.00,0.00
2015.05.15 05:31:15.690,12.18688,12.18997,0.00,0.00
2015.05.15 05:31:15.764,12.18699,12.18997,0.00,0.00
2015.05.15 05:31:15.814,12.18699,12.1901,0.00,0.00
2015.05.15 05:31:15.965,12.18689,12.1901,0.00,0.00
2015.05.15 05:31:16.170,12.18689,12.18999,0.00,0.00
2015.05.15 05:31:16.626,12.18688,12.18986,0.00,0.00
2015.05.15 05:31:17.220,12.18688,12.18997,0.00,0.00
2015.05.15 05:31:18.273,12.18688,12.18996,0.00,0.00
2015.05.15 05:31:19.375,12.18688,12.19009,0.00,0.00
2015.05.15 05:31:20.193,12.18739,12.19009,0.00,0.00
2015.05.15 05:31:20.294,12.18739,12.19029,0.00,0.00
2015.05.15 05:31:20.476,12.18739,12.19061,0.00,0.00
2015.05.15 05:31:21.002,12.18788,12.19062,0.00,0.00
2015.05.15 05:31:21.077,12.18788,12.19078,0.00,0.00
2015.05.15 05:31:21.177,12.18788,12.19092,0.00,0.00
2015.05.15 05:31:21.627,12.18788,12.19071,0.00,0.00
2015.05.15 05:31:21.677,12.18788,12.19084,0.00,0.00
2015.05.15 05:31:21.778,12.18788,12.19096,0.00,0.00
2015.05.15 05:31:22.993,12.18788,12.19103,0.00,0.00
2015.05.15 05:31:23.606,12.18788,12.19092,0.00,0.00
2015.05.15 05:31:23.881,12.18788,12.19107,0.00,0.00
2015.05.15 05:31:24.802,12.18788,12.19098,0.00,0.00
2015.05.15 05:31:26.284,12.18788,12.19086,0.00,0.00
2015.05.15 05:31:26.385,12.18788,12.19103,0.00,0.00
2015.05.15 05:31:26.909,12.18788,12.1911,0.00,0.00
2015.05.15 05:31:27.385,12.188,12.19112,0.00,0.00
2015.05.15 05:31:28.608,12.18788,12.19096,0.00,0.00
2015.05.15 05:31:28.928,12.18797,12.19112,0.00,0.00
2015.05.15 05:31:29.029,12.18788,12.19095,0.00,0.00
2015.05.15 05:31:29.338,12.18788,12.19107,0.00,0.00
2015.05.15 05:31:29.790,12.18788,12.19095,0.00,0.00
2015.05.15 05:31:30.459,12.18788,12.1911,0.00,0.00
2015.05.15 05:31:30.902,12.18788,12.19096,0.00,0.00
2015.05.15 05:31:31.528,12.18774,12.19011,0.00,0.00
2015.05.15 05:31:31.629,12.18727,12.19011,0.00,0.00
2015.05.15 05:31:31.679,12.18788,12.19048,0.00,0.00
2015.05.15 05:31:31.730,12.18788,12.19085,0.00,0.00
2015.05.15 05:31:31.831,12.18788,12.19088,0.00,0.00
2015.05.15 05:31:32.096,12.18791,12.19088,0.00,0.00
2015.05.15 05:31:32.213,12.18791,12.19112,0.00,0.00
2015.05.15 05:31:32.403,12.18838,12.19115,0.00,0.00
2015.05.15 05:31:32.504,12.18838,12.19126,0.00,0.00
2015.05.15 05:31:32.604,12.18838,12.1915,0.00,0.00
2015.05.15 05:31:32.806,12.18838,12.19089,0.00,0.00
2015.05.15 05:31:32.856,12.18788,12.19089,0.00,0.00
2015.05.15 05:31:33.178,12.18765,12.19062,0.00,0.00
2015.05.15 05:31:33.329,12.18738,12.19057,0.00,0.00
2015.05.15 05:31:33.583,12.18738,12.19045,0.00,0.00
2015.05.15 05:31:33.844,12.18788,12.19103,0.00,0.00
2015.05.15 05:31:34.302,12.18788,12.19082,0.00,0.00
2015.05.15 05:31:36.008,12.18788,12.19108,0.00,0.00
2015.05.15 05:31:36.109,12.18788,12.19093,0.00,0.00
2015.05.15 05:31:36.301,12.18788,12.19104,0.00,0.00
2015.05.15 05:31:36.933,12.18759,12.19062,0.00,0.00
2015.05.15 05:31:37.034,12.18738,12.1905,0.00,0.00
2015.05.15 05:31:37.243,12.18788,12.1905,0.00,0.00
2015.05.15 05:31:37.303,12.18788,12.19071,0.00,0.00
2015.05.15 05:31:37.404,12.18788,12.19106,0.00,0.00
2015.05.15 05:31:37.714,12.18788,12.19094,0.00,0.00
2015.05.15 05:31:37.814,12.18788,12.19105,0.00,0.00
2015.05.15 05:31:38.615,12.18788,12.19084,0.00,0.00
2015.05.15 05:31:38.707,12.18788,12.19097,0.00,0.00
2015.05.15 05:31:39.008,12.18788,12.19083,0.00,0.00
2015.05.15 05:31:39.318,12.18788,12.19096,0.00,0.00
2015.05.15 05:31:41.219,12.18788,12.19107,0.00,0.00
2015.05.15 05:31:42.728,12.18788,12.19084,0.00,0.00
2015.05.15 05:31:42.920,12.18788,12.19108,0.00,0.00
2015.05.15 05:31:43.622,12.18839,12.19108,0.00,0.00
2015.05.15 05:31:43.774,12.18839,12.19142,0.00,0.00
2015.05.15 05:31:43.874,12.18888,12.19194,0.00,0.00
2015.05.15 05:31:44.174,12.18888,12.19177,0.00,0.00
2015.05.15 05:31:44.275,12.18888,12.19193,0.00,0.00
2015.05.15 05:31:44.728,12.18888,12.19183,0.00,0.00
2015.05.15 05:31:45.165,12.18888,12.19197,0.00,0.00
2015.05.15 05:31:46.132,12.18888,12.19185,0.00,0.00
2015.05.15 05:31:46.237,12.18888,12.19198,0.00,0.00
2015.05.15 05:31:48.138,12.18888,12.19181,0.00,0.00
2015.05.15 05:31:48.840,12.18888,12.19199,0.00,0.00
2015.05.15 05:31:49.456,12.18888,12.19183,0.00,0.00
2015.05.15 05:31:49.842,12.18888,12.19201,0.00,0.00
2015.05.15 05:31:54.151,12.18888,12.19183,0.00,0.00
2015.05.15 05:31:54.649,12.18888,12.19178,0.00,0.00
2015.05.15 05:31:54.699,12.18888,12.19197,0.00,0.00
2015.05.15 05:31:55.164,12.18888,12.19185,0.00,0.00
2015.05.15 05:31:55.365,12.18788,12.19089,0.00,0.00
2015.05.15 05:31:55.565,12.18788,12.19101,0.00,0.00
2015.05.15 05:31:57.260,12.18791,12.19112,0.00,0.00
2015.05.15 05:31:57.361,12.18788,12.19102,0.00,0.00
2015.05.15 05:31:58.574,12.18788,12.1909,0.00,0.00
2015.05.15 05:31:58.865,12.18788,12.19101,0.00,0.00
2015.05.15 05:31:59.702,12.1879,12.19112,0.00,0.00
2015.05.15 05:32:00.179,12.18788,12.19089,0.00,0.00
2015.05.15 05:32:01.675,12.18788,12.191,0.00,0.00
2015.05.15 05:32:03.079,12.18788,12.19112,0.00,0.00
2015.05.15 05:32:06.196,12.188,12.19112,0.00,0.00
2015.05.15 05:32:06.764,12.18839,12.19124,0.00,0.00
2015.05.15 05:32:06.815,12.18839,12.19159,0.00,0.00
2015.05.15 05:32:06.865,12.18889,12.19159,0.00,0.00
2015.05.15 05:32:06.916,12.18889,12.19183,0.00,0.00
2015.05.15 05:32:07.017,12.18889,12.19199,0.00,0.00
2015.05.15 05:32:08.240,12.18889,12.19182,0.00,0.00
2015.05.15 05:32:08.703,12.18889,12.19201,0.00,0.00
2015.05.15 05:32:09.694,12.18889,12.19182,0.00,0.00
2015.05.15 05:32:10.296,12.18889,12.19203,0.00,0.00
2015.05.15 05:32:11.301,12.18889,12.19192,0.00,0.00
2015.05.15 05:32:13.416,12.18889,12.19201,0.00,0.00
2015.05.15 05:32:14.006,12.18889,12.19182,0.00,0.00
2015.05.15 05:32:14.118,12.18889,12.19205,0.00,0.00
2015.05.15 05:32:14.319,12.18939,12.19208,0.00,0.00
2015.05.15 05:32:14.420,12.18939,12.19241,0.00,0.00
2015.05.15 05:32:14.521,12.18939,12.19227,0.00,0.00
2015.05.15 05:32:14.622,12.18939,12.1926,0.00,0.00
2015.05.15 05:32:14.722,12.18939,12.19242,0.00,0.00
2015.05.15 05:32:15.024,12.18989,12.19293,0.00,0.00
2015.05.15 05:32:16.625,12.18932,12.19212,0.00,0.00
2015.05.15 05:32:16.725,12.18888,12.19197,0.00,0.00
2015.05.15 05:32:16.826,12.18888,12.19182,0.00,0.00
2015.05.15 05:32:17.026,12.18888,12.19194,0.00,0.00
2015.05.15 05:32:17.126,12.18888,12.19207,0.00,0.00
2015.05.15 05:32:17.318,12.18888,12.19183,0.00,0.00
2015.05.15 05:32:17.636,12.18888,12.19154,0.00,0.00
2015.05.15 05:32:17.864,12.18888,12.19177,0.00,0.00
2015.05.15 05:32:18.853,12.18888,12.19154,0.00,0.00
2015.05.15 05:32:18.954,12.18888,12.19198,0.00,0.00
2015.05.15 05:32:21.436,12.18888,12.19188,0.00,0.00
2015.05.15 05:32:28.502,12.18864,12.19162,0.00,0.00
2015.05.15 05:32:28.552,12.18852,12.19162,0.00,0.00
2015.05.15 05:32:28.603,12.18839,12.19162,0.00,0.00
2015.05.15 05:32:28.654,12.18838,12.19128,0.00,0.00
2015.05.15 05:32:28.754,12.18802,12.19093,0.00,0.00
2015.05.15 05:32:29.355,12.18802,12.19111,0.00,0.00
2015.05.15 05:32:29.406,12.18838,12.19113,0.00,0.00
2015.05.15 05:32:29.456,12.18838,12.19116,0.00,0.00
2015.05.15 05:32:29.507,12.18802,12.19111,0.00,0.00
2015.05.15 05:32:29.763,12.18802,12.1909,0.00,0.00
2015.05.15 05:32:29.864,12.18789,12.1909,0.00,0.00
2015.05.15 05:32:30.014,12.18789,12.19111,0.00,0.00
2015.05.15 05:32:30.261,12.18789,12.19101,0.00,0.00
2015.05.15 05:32:30.362,12.18789,12.19111,0.00,0.00
2015.05.15 05:32:30.463,12.18803,12.19111,0.00,0.00
2015.05.15 05:32:30.766,12.18838,12.19129,0.00,0.00
2015.05.15 05:32:30.968,12.18788,12.19092,0.00,0.00
2015.05.15 05:32:31.363,12.18788,12.19088,0.00,0.00
2015.05.15 05:32:32.095,12.18788,12.19109,0.00,0.00
2015.05.15 05:32:32.567,12.18788,12.19098,0.00,0.00
2015.05.15 05:32:32.917,12.18839,12.19118,0.00,0.00
2015.05.15 05:32:32.968,12.18839,12.19129,0.00,0.00
2015.05.15 05:32:33.391,12.18839,12.19121,0.00,0.00
2015.05.15 05:32:33.774,12.18839,12.19129,0.00,0.00
2015.05.15 05:32:34.599,12.18839,12.19121,0.00,0.00
2015.05.15 05:32:34.963,12.18839,12.19141,0.00,0.00
2015.05.15 05:32:35.207,12.18839,12.19129,0.00,0.00
2015.05.15 05:32:36.162,12.18839,12.19148,0.00,0.00
2015.05.15 05:32:36.563,12.18839,12.19128,0.00,0.00
2015.05.15 05:32:38.968,12.18839,12.19083,0.00,0.00
2015.05.15 05:32:39.069,12.18788,12.19055,0.00,0.00
2015.05.15 05:32:39.810,12.18788,12.1909,0.00,0.00
2015.05.15 05:32:39.986,12.18838,12.19103,0.00,0.00
2015.05.15 05:32:40.088,12.18788,12.19103,0.00,0.00
2015.05.15 05:32:40.188,12.18888,12.19128,0.00,0.00
2015.05.15 05:32:40.239,12.18888,12.19137,0.00,0.00
2015.05.15 05:32:40.340,12.18888,12.1918,0.00,0.00
2015.05.15 05:32:41.778,12.18888,12.19191,0.00,0.00
2015.05.15 05:32:42.491,12.18888,12.19181,0.00,0.00
2015.05.15 05:32:43.271,12.18901,12.19181,0.00,0.00
2015.05.15 05:32:43.322,12.18901,12.19212,0.00,0.00
2015.05.15 05:32:43.373,12.18951,12.19217,0.00,0.00
2015.05.15 05:32:43.423,12.18951,12.19231,0.00,0.00
2015.05.15 05:32:43.474,12.18988,12.19231,0.00,0.00
2015.05.15 05:32:43.573,12.18988,12.1925,0.00,0.00
2015.05.15 05:32:43.727,12.18988,12.19276,0.00,0.00
2015.05.15 05:32:44.987,12.18988,12.19288,0.00,0.00
2015.05.15 05:32:45.311,12.18997,12.19312,0.00,0.00
2015.05.15 05:32:45.361,12.19061,12.19319,0.00,0.00
2015.05.15 05:32:45.412,12.19061,12.19361,0.00,0.00
2015.05.15 05:32:45.513,12.19066,12.19361,0.00,0.00
2015.05.15 05:32:45.897,12.19066,12.19311,0.00,0.00
2015.05.15 05:32:45.998,12.19052,12.19302,0.00,0.00
2015.05.15 05:32:46.099,12.18989,12.19288,0.00,0.00
2015.05.15 05:32:46.690,12.18989,12.19274,0.00,0.00
2015.05.15 05:32:47.299,12.18989,12.19287,0.00,0.00
2015.05.15 05:32:48.340,12.18989,12.19275,0.00,0.00
2015.05.15 05:32:48.440,12.18989,12.19292,0.00,0.00
2015.05.15 05:32:49.273,12.18958,12.19261,0.00,0.00
2015.05.15 05:32:49.575,12.18989,12.19282,0.00,0.00
2015.05.15 05:32:58.969,12.18989,12.19247,0.00,0.00
2015.05.15 05:32:59.020,12.18951,12.19212,0.00,0.00
2015.05.15 05:32:59.070,12.18951,12.19203,0.00,0.00
2015.05.15 05:32:59.121,12.18888,12.19203,0.00,0.00
2015.05.15 05:32:59.172,12.18888,12.19188,0.00,0.00
2015.05.15 05:33:02.255,12.18888,12.19103,0.00,0.00
2015.05.15 05:33:02.306,12.18788,12.19103,0.00,0.00
2015.05.15 05:33:02.457,12.18789,12.19088,0.00,0.00
2015.05.15 05:33:02.630,12.18788,12.19102,0.00,0.00
2015.05.15 05:33:02.930,12.18788,12.19087,0.00,0.00
2015.05.15 05:33:03.381,12.18788,12.191,0.00,0.00
2015.05.15 05:33:03.856,12.18788,12.19087,0.00,0.00
2015.05.15 05:33:05.384,12.18788,12.191,0.00,0.00
2015.05.15 05:33:05.485,12.18839,12.19143,0.00,0.00
2015.05.15 05:33:05.814,12.18792,12.19112,0.00,0.00
2015.05.15 05:33:05.865,12.18788,12.19087,0.00,0.00
2015.05.15 05:33:06.994,12.18829,12.19087,0.00,0.00
2015.05.15 05:33:07.146,12.18889,12.19158,0.00,0.00
2015.05.15 05:33:07.250,12.18889,12.19184,0.00,0.00
2015.05.15 05:33:14.352,12.18889,12.1917,0.00,0.00
2015.05.15 05:33:14.403,12.18839,12.19154,0.00,0.00
2015.05.15 05:33:14.453,12.18839,12.19103,0.00,0.00
2015.05.15 05:33:14.504,12.18789,12.19103,0.00,0.00
2015.05.15 05:33:14.554,12.18789,12.19088,0.00,0.00
2015.05.15 05:33:15.071,12.18759,12.19062,0.00,0.00
2015.05.15 05:33:15.131,12.18772,12.19062,0.00,0.00
2015.05.15 05:33:15.181,12.18789,12.19088,0.00,0.00
2015.05.15 05:33:16.511,12.18838,12.19088,0.00,0.00
2015.05.15 05:33:16.562,12.18852,12.19152,0.00,0.00
2015.05.15 05:33:16.699,12.18889,12.19163,0.00,0.00
2015.05.15 05:33:16.846,12.18889,12.19181,0.00,0.00
2015.05.15 05:33:20.963,12.18889,12.19126,0.00,0.00
2015.05.15 05:33:21.014,12.18852,12.19111,0.00,0.00
2015.05.15 05:33:21.114,12.18889,12.19157,0.00,0.00
2015.05.15 05:33:21.264,12.18889,12.19182,0.00,0.00
2015.05.15 05:33:27.034,12.18861,12.19112,0.00,0.00
2015.05.15 05:33:27.135,12.18803,12.19112,0.00,0.00
2015.05.15 05:33:27.185,12.18788,12.19088,0.00,0.00
2015.05.15 05:33:34.238,12.18789,12.19088,0.00,0.00
2015.05.15 05:33:35.670,12.18788,12.19088,0.00,0.00
2015.05.15 05:33:40.553,12.18782,12.19061,0.00,0.00
2015.05.15 05:33:40.654,12.18739,12.19033,0.00,0.00
2015.05.15 05:33:40.797,12.18739,12.19043,0.00,0.00
2015.05.15 05:33:41.003,12.18739,12.19053,0.00,0.00
2015.05.15 05:33:41.194,12.18739,12.19036,0.00,0.00
2015.05.15 05:33:42.095,12.18739,12.19051,0.00,0.00
2015.05.15 05:33:42.313,12.18739,12.1904,0.00,0.00
2015.05.15 05:33:42.397,12.18739,12.19051,0.00,0.00
2015.05.15 05:33:42.447,12.18729,12.19011,0.00,0.00
2015.05.15 05:33:42.498,12.18689,12.19004,0.00,0.00
2015.05.15 05:33:42.699,12.18688,12.18987,0.00,0.00
2015.05.15 05:33:46.423,12.18688,12.19005,0.00,0.00
2015.05.15 05:33:46.831,12.18701,12.19012,0.00,0.00
2015.05.15 05:33:47.172,12.18738,12.19043,0.00,0.00
2015.05.15 05:33:47.517,12.18738,12.19052,0.00,0.00
2015.05.15 05:33:47.700,12.18728,12.19011,0.00,0.00
2015.05.15 05:33:47.751,12.18713,12.19011,0.00,0.00
2015.05.15 05:33:47.852,12.18689,12.18988,0.00,0.00
2015.05.15 05:33:48.470,12.18739,12.19011,0.00,0.00
2015.05.15 05:33:48.571,12.18739,12.19024,0.00,0.00
2015.05.15 05:33:48.622,12.18702,12.19012,0.00,0.00
2015.05.15 05:33:48.673,12.18725,12.19012,0.00,0.00
2015.05.15 05:33:48.723,12.18702,12.19012,0.00,0.00
2015.05.15 05:33:48.824,12.18689,12.19012,0.00,0.00
2015.05.15 05:33:48.925,12.18688,12.19,0.00,0.00
2015.05.15 05:33:49.277,12.18788,12.19077,0.00,0.00
2015.05.15 05:33:49.328,12.18788,12.19102,0.00,0.00
2015.05.15 05:33:49.428,12.18788,12.19091,0.00,0.00
2015.05.15 05:33:49.630,12.18788,12.19103,0.00,0.00
2015.05.15 05:33:50.243,12.18788,12.19092,0.00,0.00
2015.05.15 05:33:51.233,12.18788,12.19105,0.00,0.00
2015.05.15 05:33:51.734,12.18788,12.19087,0.00,0.00
2015.05.15 05:33:53.540,12.18738,12.19053,0.00,0.00
2015.05.15 05:33:53.641,12.18691,12.19003,0.00,0.00
2015.05.15 05:33:53.943,12.18738,12.19056,0.00,0.00
2015.05.15 05:33:56.467,12.18738,12.19037,0.00,0.00
2015.05.15 05:33:56.847,12.18738,12.19058,0.00,0.00
2015.05.15 05:33:57.160,12.18736,12.19011,0.00,0.00
2015.05.15 05:33:57.296,12.18689,12.19007,0.00,0.00
2015.05.15 05:33:57.346,12.18689,12.1899,0.00,0.00
2015.05.15 05:33:57.548,12.18689,12.19002,0.00,0.00
2015.05.15 05:33:57.787,12.1869,12.19011,0.00,0.00
2015.05.15 05:33:58.271,12.18689,12.18989,0.00,0.00
2015.05.15 05:33:58.372,12.18689,12.19001,0.00,0.00
2015.05.15 05:33:58.473,12.18721,12.19011,0.00,0.00
2015.05.15 05:33:58.574,12.18738,12.19033,0.00,0.00
2015.05.15 05:33:59.181,12.18738,12.19058,0.00,0.00
2015.05.15 05:33:59.857,12.18738,12.19037,0.00,0.00
2015.05.15 05:34:00.098,12.18738,12.19058,0.00,0.00
2015.05.15 05:34:00.264,12.18738,12.19046,0.00,0.00
2015.05.15 05:34:00.365,12.18738,12.19058,0.00,0.00
2015.05.15 05:34:02.488,12.18738,12.19046,0.00,0.00
2015.05.15 05:34:02.808,12.18738,12.19058,0.00,0.00
2015.05.15 05:34:03.868,12.18738,12.19045,0.00,0.00
2015.05.15 05:34:05.183,12.18738,12.19058,0.00,0.00
2015.05.15 05:34:05.430,12.18734,12.19012,0.00,0.00
2015.05.15 05:34:05.531,12.18689,12.18992,0.00,0.00
2015.05.15 05:34:05.788,12.18689,12.19003,0.00,0.00
2015.05.15 05:34:05.889,12.18692,12.19011,0.00,0.00
2015.05.15 05:34:05.990,12.18689,12.18991,0.00,0.00
2015.05.15 05:34:06.893,12.18689,12.19003,0.00,0.00
2015.05.15 05:34:07.697,12.18704,12.19011,0.00,0.00
2015.05.15 05:34:07.898,12.18739,12.19059,0.00,0.00
2015.05.15 05:34:08.270,12.18788,12.19059,0.00,0.00
2015.05.15 05:34:08.423,12.18788,12.19102,0.00,0.00
2015.05.15 05:34:08.802,12.18788,12.19086,0.00,0.00
2015.05.15 05:34:09.694,12.18788,12.19073,0.00,0.00
2015.05.15 05:34:09.803,12.18788,12.19084,0.00,0.00
2015.05.15 05:34:11.157,12.18788,12.1907,0.00,0.00
2015.05.15 05:34:11.258,12.18689,12.19002,0.00,0.00
2015.05.15 05:34:11.308,12.18689,12.18987,0.00,0.00
2015.05.15 05:34:11.924,12.18689,12.18997,0.00,0.00
2015.05.15 05:34:12.111,12.18689,12.18987,0.00,0.00
2015.05.15 05:34:12.212,12.18689,12.18998,0.00,0.00
2015.05.15 05:34:12.941,12.18689,12.18988,0.00,0.00
2015.05.15 05:34:15.236,12.18689,12.19007,0.00,0.00
2015.05.15 05:34:15.337,12.18738,12.1902,0.00,0.00
2015.05.15 05:34:15.468,12.18738,12.19044,0.00,0.00
2015.05.15 05:34:17.820,12.18738,12.18988,0.00,0.00
2015.05.15 05:34:17.870,12.18689,12.18988,0.00,0.00
2015.05.15 05:34:18.848,12.18739,12.19023,0.00,0.00
2015.05.15 05:34:19.050,12.18739,12.19047,0.00,0.00
2015.05.15 05:34:19.151,12.18732,12.19012,0.00,0.00
2015.05.15 05:34:19.442,12.18688,12.18982,0.00,0.00
2015.05.15 05:34:20.259,12.1866,12.18912,0.00,0.00
2015.05.15 05:34:20.310,12.18617,12.18912,0.00,0.00
2015.05.15 05:34:20.360,12.18638,12.18928,0.00,0.00
2015.05.15 05:34:20.562,12.18638,12.18958,0.00,0.00
2015.05.15 05:34:20.612,12.18649,12.18958,0.00,0.00
2015.05.15 05:34:20.918,12.18688,12.18989,0.00,0.00
2015.05.15 05:34:21.527,12.18688,12.1899,0.00,0.00
2015.05.15 05:34:28.599,12.18789,12.1899,0.00,0.00
2015.05.15 05:34:28.650,12.18789,12.19049,0.00,0.00
2015.05.15 05:34:28.701,12.18789,12.19062,0.00,0.00
2015.05.15 05:34:28.801,12.18789,12.19088,0.00,0.00
2015.05.15 05:34:30.263,12.18764,12.19012,0.00,0.00
2015.05.15 05:34:30.376,12.1873,12.19012,0.00,0.00
2015.05.15 05:34:30.476,12.18688,12.19003,0.00,0.00
2015.05.15 05:34:30.577,12.18688,12.18987,0.00,0.00
2015.05.15 05:34:31.370,12.18738,12.18999,0.00,0.00
2015.05.15 05:34:31.450,12.18738,12.19016,0.00,0.00
2015.05.15 05:34:31.550,12.18738,12.19038,0.00,0.00
2015.05.15 05:34:32.249,12.18788,12.19038,0.00,0.00
2015.05.15 05:34:32.300,12.18788,12.19047,0.00,0.00
2015.05.15 05:34:32.401,12.18788,12.19081,0.00,0.00
2015.05.15 05:34:40.812,12.18788,12.19091,0.00,0.00
2015.05.15 05:34:41.639,12.18791,12.19091,0.00,0.00
2015.05.15 05:34:41.967,12.18888,12.19158,0.00,0.00
2015.05.15 05:34:42.018,12.18888,12.19187,0.00,0.00
2015.05.15 05:34:42.692,12.18938,12.19187,0.00,0.00
2015.05.15 05:34:42.793,12.18988,12.19263,0.00,0.00
2015.05.15 05:34:42.893,12.18988,12.19291,0.00,0.00
2015.05.15 05:34:58.869,12.18969,12.19211,0.00,0.00
2015.05.15 05:34:58.970,12.18958,12.19211,0.00,0.00
2015.05.15 05:34:59.076,12.18889,12.19186,0.00,0.00
2015.05.15 05:35:00.184,12.18938,12.19186,0.00,0.00
2015.05.15 05:35:00.235,12.18938,12.19196,0.00,0.00
2015.05.15 05:35:00.335,12.18938,12.19212,0.00,0.00
2015.05.15 05:35:00.441,12.18938,12.19222,0.00,0.00
2015.05.15 05:35:01.266,12.18889,12.19197,0.00,0.00
2015.05.15 05:35:09.672,12.18889,12.19188,0.00,0.00
2015.05.15 05:35:13.590,12.18849,12.19162,0.00,0.00
2015.05.15 05:35:13.787,12.18888,12.19182,0.00,0.00
2015.05.15 05:35:17.474,12.18888,12.19107,0.00,0.00
2015.05.15 05:35:17.574,12.1886,12.19107,0.00,0.00
2015.05.15 05:35:17.625,12.1879,12.19092,0.00,0.00
2015.05.15 05:35:18.225,12.18789,12.19092,0.00,0.00
2015.05.15 05:35:22.059,12.18768,12.19061,0.00,0.00
2015.05.15 05:35:22.110,12.18754,12.19061,0.00,0.00
2015.05.15 05:35:22.210,12.18789,12.19078,0.00,0.00
2015.05.15 05:35:22.412,12.18789,12.191,0.00,0.00
2015.05.15 05:35:23.039,12.18789,12.19071,0.00,0.00
2015.05.15 05:35:23.291,12.18738,12.19032,0.00,0.00
2015.05.15 05:35:23.392,12.18744,12.19062,0.00,0.00
2015.05.15 05:35:24.590,12.18738,12.19051,0.00,0.00
2015.05.15 05:35:24.992,12.18745,12.19062,0.00,0.00
2015.05.15 05:35:25.694,12.18738,12.19056,0.00,0.00
2015.05.15 05:35:25.797,12.18746,12.19062,0.00,0.00
2015.05.15 05:35:26.109,12.18762,12.19062,0.00,0.00
2015.05.15 05:35:26.279,12.18789,12.19101,0.00,0.00
2015.05.15 05:35:26.499,12.18789,12.19088,0.00,0.00
2015.05.15 05:35:26.601,12.18789,12.19102,0.00,0.00
2015.05.15 05:35:26.999,12.18789,12.19087,0.00,0.00
2015.05.15 05:35:27.302,12.18789,12.19102,0.00,0.00
2015.05.15 05:35:27.400,12.18789,12.19083,0.00,0.00
2015.05.15 05:35:27.712,12.18739,12.19057,0.00,0.00
2015.05.15 05:35:28.105,12.18746,12.19061,0.00,0.00
2015.05.15 05:35:28.555,12.18788,12.191,0.00,0.00
2015.05.15 05:35:30.339,12.18838,12.19118,0.00,0.00
2015.05.15 05:35:30.540,12.18838,12.1915,0.00,0.00
2015.05.15 05:35:31.314,12.1881,12.19112,0.00,0.00
2015.05.15 05:35:31.420,12.18791,12.19112,0.00,0.00
2015.05.15 05:35:31.922,12.18804,12.19112,0.00,0.00
2015.05.15 05:35:32.224,12.18791,12.19112,0.00,0.00
2015.05.15 05:35:32.325,12.18805,12.19112,0.00,0.00
2015.05.15 05:35:32.653,12.18793,12.19112,0.00,0.00
2015.05.15 05:35:35.280,12.18806,12.19112,0.00,0.00
2015.05.15 05:35:35.333,12.18793,12.19112,0.00,0.00
2015.05.15 05:35:35.928,12.18889,12.19117,0.00,0.00
2015.05.15 05:35:35.979,12.18889,12.19128,0.00,0.00
2015.05.15 05:35:36.134,12.18889,12.19189,0.00,0.00
2015.05.15 05:35:36.237,12.18897,12.19211,0.00,0.00
2015.05.15 05:35:36.437,12.18889,12.19207,0.00,0.00
2015.05.15 05:35:36.488,12.18938,12.19207,0.00,0.00
2015.05.15 05:35:36.579,12.18888,12.19207,0.00,0.00
2015.05.15 05:35:36.679,12.18896,12.19212,0.00,0.00
2015.05.15 05:35:36.990,12.18888,12.19201,0.00,0.00
2015.05.15 05:35:38.351,12.18897,12.19212,0.00,0.00
2015.05.15 05:35:38.652,12.18888,12.19196,0.00,0.00
2015.05.15 05:35:40.449,12.18888,12.1921,0.00,0.00
2015.05.15 05:35:43.569,12.18888,12.19178,0.00,0.00
2015.05.15 05:35:43.669,12.18839,12.19157,0.00,0.00
2015.05.15 05:35:43.888,12.18838,12.19142,0.00,0.00
2015.05.15 05:35:44.095,12.18838,12.19154,0.00,0.00
2015.05.15 05:35:44.196,12.18844,12.19162,0.00,0.00
2015.05.15 05:35:47.199,12.18852,12.19162,0.00,0.00
2015.05.15 05:35:47.554,12.18888,12.19192,0.00,0.00
2015.05.15 05:35:47.855,12.18888,12.19171,0.00,0.00
2015.05.15 05:35:48.608,12.18888,12.19207,0.00,0.00
2015.05.15 05:35:50.620,12.18888,12.19188,0.00,0.00
2015.05.15 05:35:50.999,12.18888,12.19164,0.00,0.00
2015.05.15 05:35:51.050,12.18888,12.19176,0.00,0.00
2015.05.15 05:35:51.100,12.18888,12.19164,0.00,0.00
2015.05.15 05:35:51.306,12.18888,12.19175,0.00,0.00
2015.05.15 05:35:52.220,12.18888,12.19164,0.00,0.00
2015.05.15 05:35:52.621,12.18888,12.19188,0.00,0.00
2015.05.15 05:35:52.923,12.18888,12.19175,0.00,0.00
2015.05.15 05:35:53.224,12.18888,12.19163,0.00,0.00
2015.05.15 05:35:56.918,12.18888,12.19164,0.00,0.00
2015.05.15 05:35:57.746,12.18888,12.19173,0.00,0.00
2015.05.15 05:35:57.846,12.18888,12.19186,0.00,0.00
2015.05.15 05:35:58.439,12.18888,12.19187,0.00,0.00
2015.05.15 05:35:58.849,12.18888,12.19197,0.00,0.00
2015.05.15 05:35:59.299,12.18888,12.19129,0.00,0.00
2015.05.15 05:35:59.450,12.188,12.19112,0.00,0.00
2015.05.15 05:35:59.554,12.18799,12.19101,0.00,0.00
2015.05.15 05:35:59.604,12.18788,12.19101,0.00,0.00
2015.05.15 05:36:01.661,12.18788,12.19112,0.00,0.00
2015.05.15 05:36:01.762,12.18788,12.19098,0.00,0.00
2015.05.15 05:36:01.862,12.18788,12.19111,0.00,0.00
2015.05.15 05:36:02.062,12.188,12.19112,0.00,0.00
2015.05.15 05:36:02.583,12.1879,12.19112,0.00,0.00
2015.05.15 05:36:02.683,12.18788,12.19099,0.00,0.00
2015.05.15 05:36:04.067,12.18788,12.19112,0.00,0.00
2015.05.15 05:36:04.169,12.18788,12.19099,0.00,0.00
2015.05.15 05:36:04.500,12.18888,12.19183,0.00,0.00
2015.05.15 05:36:04.551,12.18888,12.19211,0.00,0.00
2015.05.15 05:36:04.970,12.18899,12.19212,0.00,0.00
2015.05.15 05:36:06.959,12.18888,12.192,0.00,0.00
2015.05.15 05:36:07.578,12.18888,12.19191,0.00,0.00
2015.05.15 05:36:09.794,12.18888,12.19201,0.00,0.00
2015.05.15 05:36:10.019,12.18879,12.19161,0.00,0.00
2015.05.15 05:36:10.070,12.18852,12.19157,0.00,0.00
2015.05.15 05:36:10.170,12.18839,12.19143,0.00,0.00
2015.05.15 05:36:10.386,12.18839,12.19155,0.00,0.00
2015.05.15 05:36:10.792,12.18839,12.19143,0.00,0.00
2015.05.15 05:36:11.691,12.18839,12.19155,0.00,0.00
2015.05.15 05:36:11.891,12.18839,12.19143,0.00,0.00
2015.05.15 05:36:12.097,12.18844,12.19161,0.00,0.00
2015.05.15 05:36:12.667,12.18839,12.19144,0.00,0.00
2015.05.15 05:36:12.968,12.18844,12.19161,0.00,0.00
2015.05.15 05:36:13.095,12.18839,12.19143,0.00,0.00
2015.05.15 05:36:13.497,12.18839,12.19114,0.00,0.00
2015.05.15 05:36:13.548,12.18792,12.19111,0.00,0.00
2015.05.15 05:36:13.598,12.18791,12.191,0.00,0.00
2015.05.15 05:36:13.699,12.18789,12.191,0.00,0.00
2015.05.15 05:36:14.897,12.18791,12.19111,0.00,0.00
2015.05.15 05:36:15.290,12.18789,12.19105,0.00,0.00
2015.05.15 05:36:15.680,12.18789,12.19091,0.00,0.00
2015.05.15 05:36:16.538,12.18789,12.19103,0.00,0.00
2015.05.15 05:36:18.252,12.18792,12.19111,0.00,0.00
2015.05.15 05:36:20.211,12.18789,12.19102,0.00,0.00
2015.05.15 05:36:27.420,12.18793,12.19111,0.00,0.00
2015.05.15 05:36:28.459,12.18789,12.19093,0.00,0.00
2015.05.15 05:36:30.275,12.18795,12.19111,0.00,0.00
2015.05.15 05:36:30.588,12.18789,12.19095,0.00,0.00
2015.05.15 05:36:33.395,12.18789,12.19107,0.00,0.00
2015.05.15 05:36:34.648,12.18789,12.19094,0.00,0.00
2015.05.15 05:36:38.047,12.18789,12.19088,0.00,0.00
2015.05.15 05:36:38.200,12.18701,12.19009,0.00,0.00
2015.05.15 05:36:38.261,12.18701,12.18992,0.00,0.00
2015.05.15 05:36:38.491,12.18701,12.19011,0.00,0.00
2015.05.15 05:36:38.592,12.18701,12.18992,0.00,0.00
2015.05.15 05:36:38.863,12.18701,12.19004,0.00,0.00
2015.05.15 05:36:39.378,12.18689,12.19004,0.00,0.00
2015.05.15 05:36:39.565,12.18698,12.19011,0.00,0.00
2015.05.15 05:36:40.381,12.18738,12.1904,0.00,0.00
2015.05.15 05:36:40.805,12.18741,12.19062,0.00,0.00
2015.05.15 05:36:40.954,12.18741,12.19012,0.00,0.00
2015.05.15 05:36:41.005,12.18688,12.19001,0.00,0.00
2015.05.15 05:36:41.738,12.18679,12.18961,0.00,0.00
2015.05.15 05:36:41.788,12.18648,12.18961,0.00,0.00
2015.05.15 05:36:41.990,12.18663,12.18961,0.00,0.00
2015.05.15 05:36:42.309,12.18688,12.18985,0.00,0.00
2015.05.15 05:36:42.410,12.18701,12.19012,0.00,0.00
2015.05.15 05:36:42.683,12.1869,12.19012,0.00,0.00
2015.05.15 05:36:42.733,12.1869,12.18961,0.00,0.00
2015.05.15 05:36:42.784,12.18647,12.18961,0.00,0.00
2015.05.15 05:36:42.970,12.18688,12.18969,0.00,0.00
2015.05.15 05:36:43.020,12.18688,12.19,0.00,0.00
2015.05.15 05:36:43.272,12.18688,12.18974,0.00,0.00
2015.05.15 05:36:46.577,12.18688,12.18996,0.00,0.00
2015.05.15 05:36:47.680,12.18688,12.18984,0.00,0.00
2015.05.15 05:36:48.182,12.18688,12.18971,0.00,0.00
2015.05.15 05:36:48.438,12.18788,12.19077,0.00,0.00
2015.05.15 05:36:48.489,12.18788,12.19104,0.00,0.00
2015.05.15 05:36:49.185,12.18788,12.19095,0.00,0.00
2015.05.15 05:36:49.387,12.18788,12.19107,0.00,0.00
2015.05.15 05:36:49.989,12.18788,12.19095,0.00,0.00
2015.05.15 05:36:53.600,12.18793,12.19112,0.00,0.00
2015.05.15 05:36:55.329,12.18788,12.19077,0.00,0.00
2015.05.15 05:36:55.880,12.18788,12.19108,0.00,0.00
2015.05.15 05:36:57.812,12.18796,12.19112,0.00,0.00
2015.05.15 05:37:02.929,12.18788,12.19098,0.00,0.00
2015.05.15 05:37:03.137,12.18788,12.19109,0.00,0.00
2015.05.15 05:37:05.237,12.18801,12.19112,0.00,0.00
2015.05.15 05:37:05.537,12.18789,12.19112,0.00,0.00
2015.05.15 05:37:06.340,12.18788,12.19112,0.00,0.00
2015.05.15 05:37:06.441,12.18801,12.19112,0.00,0.00
2015.05.15 05:37:06.742,12.18788,12.191,0.00,0.00
2015.05.15 05:37:07.945,12.18804,12.19112,0.00,0.00
2015.05.15 05:37:08.848,12.18788,12.19107,0.00,0.00
2015.05.15 05:37:10.142,12.18796,12.19112,0.00,0.00
2015.05.15 05:37:10.508,12.1881,12.19112,0.00,0.00
2015.05.15 05:37:11.345,12.18798,12.19112,0.00,0.00
2015.05.15 05:37:11.669,12.18788,12.19108,0.00,0.00
2015.05.15 05:37:13.485,12.1881,12.19112,0.00,0.00
2015.05.15 05:37:14.284,12.18839,12.19122,0.00,0.00
2015.05.15 05:37:14.407,12.18888,12.19199,0.00,0.00
2015.05.15 05:37:14.457,12.18908,12.19212,0.00,0.00
2015.05.15 05:37:15.099,12.18888,12.1921,0.00,0.00
2015.05.15 05:37:15.962,12.18899,12.19212,0.00,0.00
2015.05.15 05:37:19.895,12.18912,12.19212,0.00,0.00
2015.05.15 05:37:21.874,12.18901,12.19212,0.00,0.00
2015.05.15 05:37:24.670,12.18911,12.19212,0.00,0.00
2015.05.15 05:37:24.971,12.18892,12.19212,0.00,0.00
2015.05.15 05:37:25.171,12.18903,12.19212,0.00,0.00
2015.05.15 05:37:26.573,12.18891,12.19212,0.00,0.00
2015.05.15 05:37:26.674,12.18913,12.19212,0.00,0.00
2015.05.15 05:37:30.385,12.18895,12.19212,0.00,0.00
2015.05.15 05:37:30.582,12.18915,12.19212,0.00,0.00
2015.05.15 05:37:30.828,12.18895,12.19212,0.00,0.00
2015.05.15 05:37:30.980,12.18915,12.19212,0.00,0.00
2015.05.15 05:37:34.128,12.18896,12.19212,0.00,0.00
2015.05.15 05:37:34.633,12.18907,12.19212,0.00,0.00
2015.05.15 05:37:35.136,12.18917,12.19212,0.00,0.00
2015.05.15 05:37:35.399,12.18905,12.19212,0.00,0.00
2015.05.15 05:37:38.495,12.18894,12.19212,0.00,0.00
2015.05.15 05:37:44.749,12.18915,12.19212,0.00,0.00
2015.05.15 05:37:51.558,12.18897,12.19212,0.00,0.00
2015.05.15 05:37:55.435,12.18908,12.19212,0.00,0.00
2015.05.15 05:37:56.881,12.18897,12.19212,0.00,0.00
2015.05.15 05:37:57.245,12.18895,12.19212,0.00,0.00
2015.05.15 05:37:57.744,12.18917,12.19212,0.00,0.00
2015.05.15 05:37:57.945,12.18906,12.19212,0.00,0.00
2015.05.15 05:38:00.767,12.18893,12.19212,0.00,0.00
2015.05.15 05:38:01.483,12.18918,12.19212,0.00,0.00
2015.05.15 05:38:03.239,12.18939,12.1924,0.00,0.00
2015.05.15 05:38:03.290,12.18982,12.19261,0.00,0.00
2015.05.15 05:38:03.391,12.19013,12.19311,0.00,0.00
2015.05.15 05:38:03.906,12.19014,12.19311,0.00,0.00
2015.05.15 05:38:04.998,12.18989,12.19304,0.00,0.00
2015.05.15 05:38:05.099,12.18989,12.1929,0.00,0.00
2015.05.15 05:38:05.805,12.18989,12.19302,0.00,0.00
2015.05.15 05:38:06.103,12.1899,12.19311,0.00,0.00
2015.05.15 05:38:06.986,12.18989,12.19303,0.00,0.00
2015.05.15 05:38:08.119,12.18989,12.19271,0.00,0.00
2015.05.15 05:38:08.321,12.18922,12.19212,0.00,0.00
2015.05.15 05:38:08.390,12.18922,12.19197,0.00,0.00
2015.05.15 05:38:08.856,12.18922,12.19111,0.00,0.00
2015.05.15 05:38:08.957,12.18875,12.19111,0.00,0.00
2015.05.15 05:38:09.008,12.18798,12.19111,0.00,0.00
2015.05.15 05:38:09.109,12.18789,12.19107,0.00,0.00
2015.05.15 05:38:09.493,12.18789,12.19105,0.00,0.00
2015.05.15 05:38:11.400,12.18801,12.19111,0.00,0.00
2015.05.15 05:38:11.818,12.18816,12.19111,0.00,0.00
2015.05.15 05:38:13.515,12.1879,12.19111,0.00,0.00
2015.05.15 05:38:16.875,12.18789,12.19098,0.00,0.00
2015.05.15 05:38:19.444,12.18802,12.19111,0.00,0.00
2015.05.15 05:38:20.652,12.1879,12.19111,0.00,0.00
2015.05.15 05:38:20.753,12.18789,12.19101,0.00,0.00
2015.05.15 05:38:25.029,12.18789,12.19106,0.00,0.00
2015.05.15 05:38:25.130,12.18795,12.19111,0.00,0.00
2015.05.15 05:38:25.283,12.18789,12.19106,0.00,0.00
2015.05.15 05:38:25.499,12.18797,12.19111,0.00,0.00
2015.05.15 05:38:27.038,12.18789,12.19108,0.00,0.00
2015.05.15 05:38:27.139,12.18789,12.19097,0.00,0.00
2015.05.15 05:38:29.129,12.18789,12.19108,0.00,0.00
2015.05.15 05:38:29.693,12.18796,12.19111,0.00,0.00
2015.05.15 05:38:32.198,12.18789,12.19096,0.00,0.00
2015.05.15 05:38:34.708,12.18789,12.19107,0.00,0.00
2015.05.15 05:38:35.512,12.18789,12.19092,0.00,0.00
2015.05.15 05:38:39.054,12.18789,12.19103,0.00,0.00
2015.05.15 05:38:39.772,12.18794,12.19111,0.00,0.00
2015.05.15 05:38:40.183,12.18789,12.19104,0.00,0.00
2015.05.15 05:38:42.237,12.18789,12.19092,0.00,0.00
2015.05.15 05:38:42.638,12.18789,12.19103,0.00,0.00
2015.05.15 05:38:45.382,12.18789,12.19092,0.00,0.00
2015.05.15 05:38:46.047,12.18795,12.19111,0.00,0.00
2015.05.15 05:38:46.372,12.18789,12.19092,0.00,0.00
2015.05.15 05:38:46.545,12.18789,12.19105,0.00,0.00
2015.05.15 05:38:46.646,12.18789,12.19089,0.00,0.00
2015.05.15 05:38:47.182,12.18789,12.191,0.00,0.00
2015.05.15 05:38:47.847,12.18789,12.19089,0.00,0.00
2015.05.15 05:38:49.449,12.18789,12.191,0.00,0.00
2015.05.15 05:38:52.055,12.1879,12.19111,0.00,0.00
2015.05.15 05:38:52.255,12.18789,12.19091,0.00,0.00
2015.05.15 05:38:52.656,12.18789,12.19066,0.00,0.00
2015.05.15 05:38:53.181,12.18738,12.19038,0.00,0.00
2015.05.15 05:38:53.282,12.18738,12.18892,0.00,0.00
2015.05.15 05:38:53.333,12.18599,12.18892,0.00,0.00
2015.05.15 05:38:53.383,12.18629,12.18892,0.00,0.00
2015.05.15 05:38:53.484,12.18638,12.18914,0.00,0.00
2015.05.15 05:38:53.585,12.18638,12.18929,0.00,0.00
2015.05.15 05:38:53.636,12.18589,12.18911,0.00,0.00
2015.05.15 05:38:54.608,12.18578,12.18922,0.00,0.00
2015.05.15 05:38:55.942,12.18588,12.18912,0.00,0.00
2015.05.15 05:38:57.987,12.18602,12.18912,0.00,0.00
2015.05.15 05:38:58.088,12.18639,12.18961,0.00,0.00
2015.05.15 05:38:58.138,12.18602,12.18922,0.00,0.00
2015.05.15 05:38:59.359,12.18629,12.1894,0.00,0.00
2015.05.15 05:38:59.409,12.18629,12.18966,0.00,0.00
2015.05.15 05:38:59.460,12.18602,12.18921,0.00,0.00
2015.05.15 05:38:59.561,12.1859,12.18921,0.00,0.00
2015.05.15 05:38:59.906,12.18579,12.18921,0.00,0.00
2015.05.15 05:39:00.475,12.1858,12.18921,0.00,0.00
2015.05.15 05:39:01.312,12.18579,12.18921,0.00,0.00
2015.05.15 05:39:02.195,12.18578,12.18922,0.00,0.00
2015.05.15 05:39:06.064,12.18589,12.18911,0.00,0.00
2015.05.15 05:39:24.146,12.18589,12.18909,0.00,0.00
2015.05.15 05:39:29.417,12.18589,12.18861,0.00,0.00
2015.05.15 05:39:29.517,12.18539,12.18861,0.00,0.00
2015.05.15 05:39:29.568,12.18539,12.18828,0.00,0.00
2015.05.15 05:39:29.619,12.18501,12.18812,0.00,0.00
2015.05.15 05:39:29.952,12.18501,12.18762,0.00,0.00
2015.05.15 05:39:30.052,12.18388,12.18712,0.00,0.00
2015.05.15 05:39:31.564,12.18478,12.18717,0.00,0.00
2015.05.15 05:39:31.833,12.18352,12.18717,0.00,0.00
2015.05.15 05:39:32.001,12.18352,12.18728,0.00,0.00
2015.05.15 05:39:32.063,12.18352,12.18717,0.00,0.00
2015.05.15 05:39:32.264,12.18352,12.18728,0.00,0.00
2015.05.15 05:39:33.589,12.18359,12.18728,0.00,0.00
2015.05.15 05:39:33.967,12.18359,12.1872,0.00,0.00
2015.05.15 05:39:34.392,12.18352,12.1872,0.00,0.00
2015.05.15 05:39:36.200,12.18388,12.18712,0.00,0.00
2015.05.15 05:39:49.744,12.18388,12.18628,0.00,0.00
2015.05.15 05:39:49.854,12.18289,12.18611,0.00,0.00
2015.05.15 05:39:54.711,12.18278,12.18612,0.00,0.00
2015.05.15 05:39:56.204,12.18288,12.18612,0.00,0.00
2015.05.15 05:40:08.139,12.18299,12.18612,0.00,0.00
2015.05.15 05:40:08.239,12.18289,12.18612,0.00,0.00
2015.05.15 05:40:08.641,12.183,12.18612,0.00,0.00
2015.05.15 05:40:09.231,12.18299,12.18612,0.00,0.00
2015.05.15 05:40:09.740,12.18339,12.18628,0.00,0.00
2015.05.15 05:40:09.790,12.1834,12.18643,0.00,0.00
2015.05.15 05:40:09.841,12.1834,12.18658,0.00,0.00
2015.05.15 05:40:09.891,12.18389,12.18658,0.00,0.00
2015.05.15 05:40:09.992,12.18389,12.18678,0.00,0.00
2015.05.15 05:40:11.064,12.18389,12.18711,0.00,0.00
