2014.04.28 06:00:00.117,13.01825,13.02085,0.00,0.00
2014.04.28 06:00:00.448,13.01783,13.0204,0.00,0.00
2014.04.28 06:00:00.599,13.0178,13.0204,0.00,0.00
2014.04.28 06:00:00.650,13.01763,13.0199,0.00,0.00
2014.04.28 06:00:00.700,13.0173,13.0199,0.00,0.00
2014.04.28 06:00:00.851,13.0171,13.0197,0.00,0.00
2014.04.28 06:00:01.171,13.01633,13.01885,0.00,0.00
2014.04.28 06:00:01.441,13.017,13.0196,0.00,0.00
2014.04.28 06:00:01.504,13.01716,13.01976,0.00,0.00
2014.04.28 06:00:01.820,13.01685,13.01945,0.00,0.00
2014.04.28 06:00:02.156,13.01697,13.01957,0.00,0.00
2014.04.28 06:00:02.695,13.0168,13.0194,0.00,0.00
2014.04.28 06:00:03.617,13.01697,13.01957,0.00,0.00
2014.04.28 06:00:04.027,13.0168,13.0194,0.00,0.00
2014.04.28 06:00:04.479,13.01696,13.01956,0.00,0.00
2014.04.28 06:00:04.785,13.0168,13.0194,0.00,0.00
2014.04.28 06:00:05.459,13.01706,13.01966,0.00,0.00
2014.04.28 06:00:05.803,13.01677,13.01937,0.00,0.00
2014.04.28 06:00:06.166,13.01689,13.01949,0.00,0.00
2014.04.28 06:00:06.474,13.01603,13.0184,0.00,0.00
2014.04.28 06:00:06.526,13.01603,13.01851,0.00,0.00
2014.04.28 06:00:06.634,13.01609,13.01869,0.00,0.00
2014.04.28 06:00:06.785,13.01624,13.01884,0.00,0.00
2014.04.28 06:00:07.115,13.01675,13.01935,0.00,0.00
2014.04.28 06:00:07.560,13.0164,13.019,0.00,0.00
2014.04.28 06:00:07.861,13.01655,13.01915,0.00,0.00
2014.04.28 06:00:08.423,13.01636,13.01896,0.00,0.00
2014.04.28 06:00:08.846,13.01624,13.01884,0.00,0.00
2014.04.28 06:00:09.164,13.01635,13.01895,0.00,0.00
2014.04.28 06:00:09.494,13.01616,13.01876,0.00,0.00
2014.04.28 06:00:09.954,13.01656,13.01916,0.00,0.00
2014.04.28 06:00:10.303,13.01666,13.01926,0.00,0.00
2014.04.28 06:00:12.223,13.01656,13.01916,0.00,0.00
2014.04.28 06:00:12.615,13.01626,13.01886,0.00,0.00
2014.04.28 06:00:14.212,13.01614,13.01874,0.00,0.00
2014.04.28 06:00:14.595,13.01626,13.01886,0.00,0.00
2014.04.28 06:00:14.929,13.01676,13.01936,0.00,0.00
2014.04.28 06:00:16.676,13.01706,13.01966,0.00,0.00
2014.04.28 06:00:17.201,13.01691,13.01951,0.00,0.00
2014.04.28 06:00:17.511,13.01726,13.01986,0.00,0.00
2014.04.28 06:00:17.842,13.01736,13.01996,0.00,0.00
2014.04.28 06:00:18.192,13.01756,13.02016,0.00,0.00
2014.04.28 06:00:18.495,13.01776,13.02036,0.00,0.00
2014.04.28 06:00:18.938,13.01765,13.02025,0.00,0.00
2014.04.28 06:00:19.269,13.01723,13.01983,0.00,0.00
2014.04.28 06:00:20.131,13.01736,13.01996,0.00,0.00
2014.04.28 06:00:20.443,13.01724,13.01984,0.00,0.00
2014.04.28 06:00:24.834,13.01756,13.02016,0.00,0.00
2014.04.28 06:00:25.172,13.01776,13.02036,0.00,0.00
2014.04.28 06:00:25.590,13.01765,13.02025,0.00,0.00
2014.04.28 06:00:26.150,13.01724,13.01984,0.00,0.00
2014.04.28 06:00:30.538,13.01691,13.01951,0.00,0.00
2014.04.28 06:00:30.851,13.01676,13.01936,0.00,0.00
2014.04.28 06:00:32.821,13.01656,13.01916,0.00,0.00
2014.04.28 06:00:34.032,13.01636,13.01896,0.00,0.00
2014.04.28 06:00:34.370,13.01656,13.01916,0.00,0.00
2014.04.28 06:00:34.677,13.01616,13.01876,0.00,0.00
2014.04.28 06:00:35.066,13.0164,13.019,0.00,0.00
2014.04.28 06:00:35.397,13.01616,13.01876,0.00,0.00
2014.04.28 06:00:35.731,13.01596,13.01856,0.00,0.00
2014.04.28 06:00:36.040,13.01634,13.01894,0.00,0.00
2014.04.28 06:00:36.387,13.01647,13.01907,0.00,0.00
2014.04.28 06:00:36.887,13.01636,13.01896,0.00,0.00
2014.04.28 06:00:37.698,13.01616,13.01876,0.00,0.00
2014.04.28 06:00:38.037,13.01596,13.01856,0.00,0.00
2014.04.28 06:00:38.366,13.01653,13.01913,0.00,0.00
2014.04.28 06:00:38.696,13.01704,13.01964,0.00,0.00
2014.04.28 06:00:39.028,13.01686,13.01946,0.00,0.00
2014.04.28 06:00:40.661,13.01702,13.01962,0.00,0.00
2014.04.28 06:00:41.156,13.01686,13.01946,0.00,0.00
2014.04.28 06:00:42.171,13.01705,13.01965,0.00,0.00
2014.04.28 06:00:42.798,13.01693,13.01953,0.00,0.00
2014.04.28 06:00:43.345,13.01686,13.01946,0.00,0.00
2014.04.28 06:00:43.775,13.01704,13.01964,0.00,0.00
2014.04.28 06:00:44.285,13.01686,13.01946,0.00,0.00
2014.04.28 06:00:45.525,13.01706,13.01966,0.00,0.00
2014.04.28 06:00:46.177,13.01695,13.01955,0.00,0.00
2014.04.28 06:00:46.646,13.01708,13.01968,0.00,0.00
2014.04.28 06:00:47.925,13.01697,13.01957,0.00,0.00
2014.04.28 06:00:50.433,13.0171,13.0197,0.00,0.00
2014.04.28 06:00:51.524,13.01697,13.01957,0.00,0.00
2014.04.28 06:00:51.853,13.01753,13.02013,0.00,0.00
2014.04.28 06:00:52.220,13.01741,13.02001,0.00,0.00
2014.04.28 06:00:52.842,13.01753,13.02013,0.00,0.00
2014.04.28 06:00:53.496,13.01757,13.02017,0.00,0.00
2014.04.28 06:00:53.917,13.01744,13.02004,0.00,0.00
2014.04.28 06:00:54.342,13.01744,13.01997,0.00,0.00
2014.04.28 06:00:54.392,13.01706,13.01966,0.00,0.00
2014.04.28 06:00:54.493,13.01657,13.01917,0.00,0.00
2014.04.28 06:00:54.830,13.01649,13.01909,0.00,0.00
2014.04.28 06:00:55.166,13.01637,13.01897,0.00,0.00
2014.04.28 06:00:55.470,13.01661,13.01921,0.00,0.00
2014.04.28 06:00:55.774,13.01613,13.01873,0.00,0.00
2014.04.28 06:00:56.079,13.01583,13.01833,0.00,0.00
2014.04.28 06:00:56.341,13.01611,13.01871,0.00,0.00
2014.04.28 06:00:56.392,13.01611,13.01858,0.00,0.00
2014.04.28 06:00:56.781,13.01583,13.01815,0.00,0.00
2014.04.28 06:00:56.831,13.01583,13.01827,0.00,0.00
2014.04.28 06:00:56.939,13.01638,13.01898,0.00,0.00
2014.04.28 06:00:57.046,13.01618,13.01878,0.00,0.00
2014.04.28 06:00:57.370,13.01666,13.01926,0.00,0.00
2014.04.28 06:00:57.772,13.01633,13.01893,0.00,0.00
2014.04.28 06:00:58.260,13.01653,13.01913,0.00,0.00
2014.04.28 06:00:58.588,13.0164,13.019,0.00,0.00
2014.04.28 06:00:59.320,13.01652,13.01912,0.00,0.00
2014.04.28 06:00:59.861,13.01664,13.01924,0.00,0.00
2014.04.28 06:01:00.190,13.01642,13.01902,0.00,0.00
2014.04.28 06:01:02.221,13.01664,13.01924,0.00,0.00
2014.04.28 06:01:03.180,13.01639,13.01899,0.00,0.00
2014.04.28 06:01:03.488,13.01643,13.01899,0.00,0.00
2014.04.28 06:01:03.538,13.01677,13.01937,0.00,0.00
2014.04.28 06:01:04.028,13.01683,13.01937,0.00,0.00
2014.04.28 06:01:04.078,13.01701,13.01961,0.00,0.00
2014.04.28 06:01:04.201,13.01712,13.01972,0.00,0.00
2014.04.28 06:01:04.526,13.01689,13.01949,0.00,0.00
2014.04.28 06:01:04.834,13.01712,13.01972,0.00,0.00
2014.04.28 06:01:05.183,13.01689,13.01949,0.00,0.00
2014.04.28 06:01:09.742,13.01664,13.01924,0.00,0.00
2014.04.28 06:01:10.069,13.01699,13.01959,0.00,0.00
2014.04.28 06:01:10.393,13.01654,13.01914,0.00,0.00
2014.04.28 06:01:10.755,13.01643,13.01903,0.00,0.00
2014.04.28 06:01:11.059,13.01654,13.01914,0.00,0.00
2014.04.28 06:01:11.778,13.01641,13.01901,0.00,0.00
2014.04.28 06:01:12.198,13.01617,13.01877,0.00,0.00
2014.04.28 06:01:12.506,13.01612,13.01872,0.00,0.00
2014.04.28 06:01:13.039,13.01589,13.01849,0.00,0.00
2014.04.28 06:01:13.396,13.016,13.0186,0.00,0.00
2014.04.28 06:01:14.468,13.01572,13.01805,0.00,0.00
2014.04.28 06:01:14.797,13.01572,13.01829,0.00,0.00
2014.04.28 06:01:15.018,13.01572,13.01805,0.00,0.00
2014.04.28 06:01:15.127,13.01572,13.01817,0.00,0.00
2014.04.28 06:01:15.347,13.01572,13.01805,0.00,0.00
2014.04.28 06:01:15.454,13.01545,13.01805,0.00,0.00
2014.04.28 06:01:15.608,13.01557,13.01817,0.00,0.00
2014.04.28 06:01:15.956,13.0157,13.0183,0.00,0.00
2014.04.28 06:01:16.270,13.01557,13.01817,0.00,0.00
2014.04.28 06:01:16.674,13.01545,13.01805,0.00,0.00
2014.04.28 06:01:17.327,13.01568,13.01828,0.00,0.00
2014.04.28 06:01:17.657,13.01612,13.01872,0.00,0.00
2014.04.28 06:01:17.987,13.01628,13.01888,0.00,0.00
2014.04.28 06:01:18.318,13.01619,13.01879,0.00,0.00
2014.04.28 06:01:18.646,13.01639,13.01899,0.00,0.00
2014.04.28 06:01:19.306,13.0164,13.019,0.00,0.00
2014.04.28 06:01:19.972,13.01653,13.01913,0.00,0.00
2014.04.28 06:01:20.314,13.01619,13.01879,0.00,0.00
2014.04.28 06:01:20.627,13.01593,13.01849,0.00,0.00
2014.04.28 06:01:20.678,13.01589,13.01849,0.00,0.00
2014.04.28 06:01:20.778,13.01627,13.01887,0.00,0.00
2014.04.28 06:01:21.181,13.01609,13.01869,0.00,0.00
2014.04.28 06:01:21.661,13.01589,13.01849,0.00,0.00
2014.04.28 06:01:22.985,13.01569,13.01829,0.00,0.00
2014.04.28 06:01:23.291,13.01579,13.01839,0.00,0.00
2014.04.28 06:01:23.650,13.01589,13.01849,0.00,0.00
2014.04.28 06:01:23.977,13.01599,13.01859,0.00,0.00
2014.04.28 06:01:24.310,13.01589,13.01849,0.00,0.00
2014.04.28 06:01:25.386,13.01613,13.01873,0.00,0.00
2014.04.28 06:01:25.784,13.01603,13.01863,0.00,0.00
2014.04.28 06:01:26.195,13.01591,13.01851,0.00,0.00
2014.04.28 06:01:26.506,13.01633,13.01893,0.00,0.00
2014.04.28 06:01:26.885,13.01621,13.01881,0.00,0.00
2014.04.28 06:01:27.474,13.01593,13.01853,0.00,0.00
2014.04.28 06:01:27.930,13.01605,13.01865,0.00,0.00
2014.04.28 06:01:28.273,13.01645,13.01905,0.00,0.00
2014.04.28 06:01:29.537,13.01601,13.01861,0.00,0.00
2014.04.28 06:01:29.854,13.01604,13.01864,0.00,0.00
2014.04.28 06:01:30.220,13.01591,13.01851,0.00,0.00
2014.04.28 06:01:32.163,13.01604,13.01864,0.00,0.00
2014.04.28 06:01:32.532,13.01592,13.01852,0.00,0.00
2014.04.28 06:01:32.891,13.01603,13.01863,0.00,0.00
2014.04.28 06:01:33.221,13.01591,13.01851,0.00,0.00
2014.04.28 06:01:33.552,13.01603,13.01863,0.00,0.00
2014.04.28 06:01:34.261,13.01614,13.01874,0.00,0.00
2014.04.28 06:01:34.578,13.01601,13.01861,0.00,0.00
2014.04.28 06:01:35.033,13.01634,13.01894,0.00,0.00
2014.04.28 06:01:35.917,13.01631,13.01891,0.00,0.00
2014.04.28 06:01:36.256,13.01649,13.01909,0.00,0.00
2014.04.28 06:01:37.005,13.01611,13.01871,0.00,0.00
2014.04.28 06:01:37.328,13.01591,13.01851,0.00,0.00
2014.04.28 06:01:41.220,13.01613,13.01873,0.00,0.00
2014.04.28 06:01:41.561,13.01632,13.01892,0.00,0.00
2014.04.28 06:01:41.981,13.01591,13.01851,0.00,0.00
2014.04.28 06:01:42.530,13.01583,13.01815,0.00,0.00
2014.04.28 06:01:44.374,13.01592,13.01815,0.00,0.00
2014.04.28 06:01:44.424,13.01603,13.01855,0.00,0.00
2014.04.28 06:01:45.720,13.01603,13.01845,0.00,0.00
2014.04.28 06:01:46.049,13.01603,13.01855,0.00,0.00
2014.04.28 06:01:46.618,13.01603,13.01835,0.00,0.00
2014.04.28 06:01:46.726,13.01553,13.018,0.00,0.00
2014.04.28 06:01:46.827,13.01553,13.01765,0.00,0.00
2014.04.28 06:01:47.190,13.01553,13.01815,0.00,0.00
2014.04.28 06:01:47.698,13.0157,13.01855,0.00,0.00
2014.04.28 06:01:47.851,13.01593,13.01845,0.00,0.00
2014.04.28 06:01:48.182,13.01593,13.01855,0.00,0.00
2014.04.28 06:01:48.357,13.01623,13.01855,0.00,0.00
2014.04.28 06:01:51.818,13.01623,13.01905,0.00,0.00
2014.04.28 06:01:52.994,13.01653,13.01905,0.00,0.00
2014.04.28 06:01:54.156,13.01623,13.01905,0.00,0.00
2014.04.28 06:01:54.257,13.01623,13.01865,0.00,0.00
2014.04.28 06:02:00.658,13.01602,13.01865,0.00,0.00
2014.04.28 06:02:03.506,13.01643,13.01865,0.00,0.00
2014.04.28 06:02:04.078,13.01662,13.01865,0.00,0.00
2014.04.28 06:02:04.582,13.01683,13.01865,0.00,0.00
2014.04.28 06:02:07.797,13.01713,13.01865,0.00,0.00
2014.04.28 06:02:07.847,13.01713,13.01905,0.00,0.00
2014.04.28 06:02:07.948,13.01713,13.01915,0.00,0.00
2014.04.28 06:02:10.244,13.01713,13.01965,0.00,0.00
2014.04.28 06:02:10.294,13.01722,13.01965,0.00,0.00
2014.04.28 06:02:10.676,13.01733,13.01965,0.00,0.00
2014.04.28 06:02:11.809,13.01742,13.01965,0.00,0.00
2014.04.28 06:02:12.177,13.01763,13.01965,0.00,0.00
2014.04.28 06:02:21.971,13.01763,13.01971,0.00,0.00
2014.04.28 06:02:22.301,13.01763,13.01973,0.00,0.00
2014.04.28 06:02:23.380,13.01763,13.01997,0.00,0.00
2014.04.28 06:02:24.594,13.01763,13.01975,0.00,0.00
2014.04.28 06:02:27.349,13.01763,13.01998,0.00,0.00
2014.04.28 06:02:27.870,13.01763,13.02015,0.00,0.00
2014.04.28 06:02:27.921,13.01782,13.02015,0.00,0.00
2014.04.28 06:02:28.021,13.01813,13.02053,0.00,0.00
2014.04.28 06:02:28.122,13.01813,13.01987,0.00,0.00
2014.04.28 06:02:28.172,13.01773,13.01987,0.00,0.00
2014.04.28 06:02:28.419,13.01773,13.02009,0.00,0.00
2014.04.28 06:02:28.639,13.01773,13.01985,0.00,0.00
2014.04.28 06:02:28.790,13.01773,13.0201,0.00,0.00
2014.04.28 06:02:28.840,13.01782,13.0201,0.00,0.00
2014.04.28 06:02:28.890,13.01782,13.02028,0.00,0.00
2014.04.28 06:02:28.941,13.01803,13.02028,0.00,0.00
2014.04.28 06:02:29.118,13.01803,13.02052,0.00,0.00
2014.04.28 06:02:29.489,13.01812,13.02053,0.00,0.00
2014.04.28 06:02:29.791,13.01812,13.02028,0.00,0.00
2014.04.28 06:02:29.841,13.01812,13.02053,0.00,0.00
2014.04.28 06:02:30.060,13.01823,13.02053,0.00,0.00
2014.04.28 06:02:30.126,13.01803,13.02053,0.00,0.00
2014.04.28 06:02:30.176,13.01803,13.02027,0.00,0.00
2014.04.28 06:02:30.598,13.01803,13.02039,0.00,0.00
2014.04.28 06:02:30.818,13.01803,13.02018,0.00,0.00
2014.04.28 06:02:30.928,13.01822,13.02045,0.00,0.00
2014.04.28 06:02:30.979,13.01803,13.02045,0.00,0.00
2014.04.28 06:02:31.029,13.01813,13.02045,0.00,0.00
2014.04.28 06:02:31.080,13.01813,13.02066,0.00,0.00
2014.04.28 06:02:31.148,13.01813,13.02032,0.00,0.00
2014.04.28 06:02:31.258,13.01813,13.02056,0.00,0.00
2014.04.28 06:02:31.409,13.01813,13.02031,0.00,0.00
2014.04.28 06:02:33.769,13.01813,13.02053,0.00,0.00
2014.04.28 06:02:34.418,13.01813,13.0204,0.00,0.00
2014.04.28 06:02:35.344,13.01813,13.02019,0.00,0.00
2014.04.28 06:02:35.545,13.01773,13.01991,0.00,0.00
2014.04.28 06:02:36.502,13.01773,13.01984,0.00,0.00
2014.04.28 06:02:41.390,13.01773,13.02001,0.00,0.00
2014.04.28 06:02:41.909,13.01773,13.01989,0.00,0.00
2014.04.28 06:02:44.075,13.01773,13.02003,0.00,0.00
2014.04.28 06:02:44.125,13.01803,13.02003,0.00,0.00
2014.04.28 06:02:44.190,13.01803,13.0205,0.00,0.00
2014.04.28 06:02:44.295,13.01803,13.02054,0.00,0.00
2014.04.28 06:02:45.056,13.01803,13.02042,0.00,0.00
2014.04.28 06:02:45.494,13.01803,13.02054,0.00,0.00
2014.04.28 06:02:45.719,13.01803,13.02057,0.00,0.00
2014.04.28 06:02:45.939,13.01803,13.02037,0.00,0.00
2014.04.28 06:02:46.264,13.01843,13.02069,0.00,0.00
2014.04.28 06:02:46.638,13.01843,13.02054,0.00,0.00
2014.04.28 06:02:46.709,13.01843,13.0207,0.00,0.00
2014.04.28 06:02:46.924,13.01843,13.02087,0.00,0.00
2014.04.28 06:02:47.285,13.01843,13.02089,0.00,0.00
2014.04.28 06:02:47.385,13.01843,13.02102,0.00,0.00
2014.04.28 06:02:47.596,13.01833,13.02078,0.00,0.00
2014.04.28 06:02:48.391,13.01833,13.02089,0.00,0.00
2014.04.28 06:02:48.496,13.01833,13.02077,0.00,0.00
2014.04.28 06:02:48.844,13.01813,13.02033,0.00,0.00
2014.04.28 06:02:49.124,13.01813,13.02046,0.00,0.00
2014.04.28 06:02:49.233,13.01813,13.02059,0.00,0.00
2014.04.28 06:02:51.845,13.01832,13.02059,0.00,0.00
2014.04.28 06:02:51.996,13.01853,13.02097,0.00,0.00
2014.04.28 06:02:52.183,13.01853,13.02078,0.00,0.00
2014.04.28 06:02:52.297,13.01853,13.02105,0.00,0.00
2014.04.28 06:02:52.980,13.01853,13.02093,0.00,0.00
2014.04.28 06:02:53.340,13.01853,13.02081,0.00,0.00
2014.04.28 06:02:53.933,13.01853,13.02102,0.00,0.00
2014.04.28 06:02:55.904,13.01853,13.02077,0.00,0.00
2014.04.28 06:02:57.212,13.01853,13.0209,0.00,0.00
2014.04.28 06:02:57.322,13.01853,13.02102,0.00,0.00
2014.04.28 06:02:57.372,13.01862,13.02102,0.00,0.00
2014.04.28 06:02:57.574,13.01935,13.02195,0.00,0.00
2014.04.28 06:02:57.651,13.01933,13.02183,0.00,0.00
2014.04.28 06:02:57.887,13.01935,13.02195,0.00,0.00
2014.04.28 06:02:58.117,13.01933,13.02183,0.00,0.00
2014.04.28 06:02:58.218,13.01936,13.02196,0.00,0.00
2014.04.28 06:02:58.448,13.01933,13.02184,0.00,0.00
2014.04.28 06:02:59.108,13.02042,13.02201,0.00,0.00
2014.04.28 06:02:59.209,13.02043,13.02308,0.00,0.00
2014.04.28 06:02:59.422,13.01993,13.02202,0.00,0.00
2014.04.28 06:02:59.527,13.01993,13.02208,0.00,0.00
2014.04.28 06:02:59.751,13.01993,13.02187,0.00,0.00
2014.04.28 06:02:59.925,13.01973,13.02187,0.00,0.00
2014.04.28 06:03:00.382,13.01973,13.02216,0.00,0.00
2014.04.28 06:03:00.483,13.02003,13.02216,0.00,0.00
2014.04.28 06:03:00.602,13.02003,13.02219,0.00,0.00
2014.04.28 06:03:00.758,13.02003,13.0224,0.00,0.00
2014.04.28 06:03:00.915,13.01992,13.0224,0.00,0.00
2014.04.28 06:03:00.966,13.01953,13.02215,0.00,0.00
2014.04.28 06:03:01.025,13.01932,13.02215,0.00,0.00
2014.04.28 06:03:01.076,13.01923,13.02153,0.00,0.00
2014.04.28 06:03:01.263,13.01923,13.0218,0.00,0.00
2014.04.28 06:03:01.532,13.01923,13.02155,0.00,0.00
2014.04.28 06:03:01.633,13.01923,13.02182,0.00,0.00
2014.04.28 06:03:01.810,13.01923,13.02167,0.00,0.00
2014.04.28 06:03:02.141,13.01923,13.02157,0.00,0.00
2014.04.28 06:03:02.251,13.01932,13.02192,0.00,0.00
2014.04.28 06:03:02.473,13.01923,13.02158,0.00,0.00
2014.04.28 06:03:03.130,13.01923,13.02153,0.00,0.00
2014.04.28 06:03:03.450,13.01923,13.02129,0.00,0.00
2014.04.28 06:03:03.560,13.01923,13.02152,0.00,0.00
2014.04.28 06:03:03.670,13.01923,13.02128,0.00,0.00
2014.04.28 06:03:03.890,13.01923,13.02153,0.00,0.00
2014.04.28 06:03:04.310,13.01923,13.02128,0.00,0.00
2014.04.28 06:03:04.557,13.01923,13.0214,0.00,0.00
2014.04.28 06:03:04.629,13.01923,13.02153,0.00,0.00
2014.04.28 06:03:04.855,13.01923,13.02128,0.00,0.00
2014.04.28 06:03:05.411,13.01923,13.0214,0.00,0.00
2014.04.28 06:03:05.967,13.01923,13.02152,0.00,0.00
2014.04.28 06:03:06.152,13.01923,13.0214,0.00,0.00
2014.04.28 06:03:06.576,13.01923,13.02127,0.00,0.00
2014.04.28 06:03:06.827,13.01923,13.02152,0.00,0.00
2014.04.28 06:03:06.910,13.0196,13.0222,0.00,0.00
2014.04.28 06:03:07.015,13.01972,13.0222,0.00,0.00
2014.04.28 06:03:07.356,13.01972,13.02182,0.00,0.00
2014.04.28 06:03:07.408,13.01943,13.02182,0.00,0.00
2014.04.28 06:03:07.459,13.01943,13.02167,0.00,0.00
2014.04.28 06:03:07.899,13.01943,13.02182,0.00,0.00
2014.04.28 06:03:08.683,13.01943,13.0217,0.00,0.00
2014.04.28 06:03:09.508,13.01943,13.02182,0.00,0.00
2014.04.28 06:03:09.839,13.01943,13.02194,0.00,0.00
2014.04.28 06:03:10.169,13.01943,13.0217,0.00,0.00
2014.04.28 06:03:10.478,13.01943,13.02181,0.00,0.00
2014.04.28 06:03:12.365,13.01943,13.02154,0.00,0.00
2014.04.28 06:03:12.550,13.01943,13.02166,0.00,0.00
2014.04.28 06:03:12.662,13.01943,13.02179,0.00,0.00
2014.04.28 06:03:14.114,13.01943,13.02167,0.00,0.00
2014.04.28 06:03:14.738,13.01943,13.02181,0.00,0.00
2014.04.28 06:03:14.788,13.01973,13.02181,0.00,0.00
2014.04.28 06:03:14.849,13.01981,13.02241,0.00,0.00
2014.04.28 06:03:14.999,13.01973,13.02236,0.00,0.00
2014.04.28 06:03:15.183,13.01973,13.02224,0.00,0.00
2014.04.28 06:03:15.338,13.01973,13.02238,0.00,0.00
2014.04.28 06:03:15.438,13.01953,13.02172,0.00,0.00
2014.04.28 06:03:15.727,13.01953,13.02174,0.00,0.00
2014.04.28 06:03:15.994,13.01953,13.02176,0.00,0.00
2014.04.28 06:03:16.094,13.01953,13.0219,0.00,0.00
2014.04.28 06:03:16.195,13.01953,13.02202,0.00,0.00
2014.04.28 06:03:16.408,13.01992,13.02202,0.00,0.00
2014.04.28 06:03:16.497,13.02033,13.02293,0.00,0.00
2014.04.28 06:03:16.648,13.02043,13.02303,0.00,0.00
2014.04.28 06:03:17.376,13.02032,13.02292,0.00,0.00
2014.04.28 06:03:17.807,13.02052,13.02312,0.00,0.00
2014.04.28 06:03:18.207,13.02063,13.02312,0.00,0.00
2014.04.28 06:03:25.094,13.02063,13.02301,0.00,0.00
2014.04.28 06:03:25.145,13.02043,13.02301,0.00,0.00
2014.04.28 06:03:25.414,13.02053,13.02313,0.00,0.00
2014.04.28 06:03:25.525,13.02043,13.02297,0.00,0.00
2014.04.28 06:03:26.294,13.02049,13.02309,0.00,0.00
2014.04.28 06:03:26.405,13.02043,13.02296,0.00,0.00
2014.04.28 06:03:26.735,13.02049,13.02309,0.00,0.00
2014.04.28 06:03:31.909,13.02049,13.02258,0.00,0.00
2014.04.28 06:03:31.960,13.01966,13.02226,0.00,0.00
2014.04.28 06:03:32.066,13.01953,13.02213,0.00,0.00
2014.04.28 06:03:34.494,13.01953,13.02202,0.00,0.00
2014.04.28 06:03:34.575,13.01942,13.02202,0.00,0.00
2014.04.28 06:03:34.626,13.01933,13.0219,0.00,0.00
2014.04.28 06:03:35.534,13.01982,13.0219,0.00,0.00
2014.04.28 06:03:35.635,13.02003,13.02263,0.00,0.00
2014.04.28 06:03:36.335,13.02023,13.02263,0.00,0.00
2014.04.28 06:03:36.385,13.02053,13.02313,0.00,0.00
2014.04.28 06:03:36.512,13.02023,13.02273,0.00,0.00
2014.04.28 06:03:36.737,13.02033,13.02293,0.00,0.00
2014.04.28 06:03:37.140,13.02023,13.02277,0.00,0.00
2014.04.28 06:03:37.487,13.02023,13.02263,0.00,0.00
2014.04.28 06:03:38.227,13.02023,13.02252,0.00,0.00
2014.04.28 06:03:38.897,13.02023,13.02263,0.00,0.00
2014.04.28 06:03:44.752,13.02023,13.02274,0.00,0.00
2014.04.28 06:03:45.007,13.02034,13.02294,0.00,0.00
2014.04.28 06:03:46.774,13.02042,13.02294,0.00,0.00
2014.04.28 06:03:46.825,13.02054,13.02314,0.00,0.00
2014.04.28 06:03:47.475,13.02063,13.02314,0.00,0.00
2014.04.28 06:03:50.828,13.02063,13.02303,0.00,0.00
2014.04.28 06:03:51.294,13.02063,13.02279,0.00,0.00
2014.04.28 06:03:51.344,13.02019,13.02279,0.00,0.00
2014.04.28 06:03:51.395,13.01955,13.02215,0.00,0.00
2014.04.28 06:03:51.924,13.01925,13.02185,0.00,0.00
2014.04.28 06:03:52.233,13.01905,13.02165,0.00,0.00
2014.04.28 06:03:56.857,13.01865,13.02125,0.00,0.00
2014.04.28 06:03:58.081,13.01835,13.02095,0.00,0.00
2014.04.28 06:04:02.085,13.01855,13.02115,0.00,0.00
2014.04.28 06:04:02.422,13.01905,13.02165,0.00,0.00
2014.04.28 06:04:06.334,13.01883,13.02125,0.00,0.00
2014.04.28 06:04:06.435,13.01865,13.02125,0.00,0.00
2014.04.28 06:04:09.168,13.0188,13.0214,0.00,0.00
2014.04.28 06:04:12.764,13.01939,13.02199,0.00,0.00
2014.04.28 06:04:13.214,13.01895,13.02155,0.00,0.00
2014.04.28 06:04:13.595,13.01879,13.02139,0.00,0.00
2014.04.28 06:04:13.911,13.01813,13.02065,0.00,0.00
2014.04.28 06:04:13.984,13.01805,13.02065,0.00,0.00
2014.04.28 06:04:14.417,13.01812,13.02065,0.00,0.00
2014.04.28 06:04:14.492,13.01825,13.02085,0.00,0.00
2014.04.28 06:04:14.542,13.01833,13.02085,0.00,0.00
2014.04.28 06:04:14.602,13.0187,13.0213,0.00,0.00
2014.04.28 06:04:15.262,13.01855,13.02115,0.00,0.00
2014.04.28 06:04:16.170,13.01825,13.02085,0.00,0.00
2014.04.28 06:04:16.479,13.01805,13.02065,0.00,0.00
2014.04.28 06:04:17.048,13.01835,13.02095,0.00,0.00
2014.04.28 06:04:17.883,13.01855,13.02115,0.00,0.00
2014.04.28 06:04:18.319,13.0188,13.0214,0.00,0.00
2014.04.28 06:04:18.649,13.01855,13.02115,0.00,0.00
2014.04.28 06:04:20.094,13.01783,13.02035,0.00,0.00
2014.04.28 06:04:20.411,13.01783,13.0204,0.00,0.00
2014.04.28 06:04:21.601,13.01783,13.02017,0.00,0.00
2014.04.28 06:04:23.373,13.01803,13.02053,0.00,0.00
2014.04.28 06:04:23.494,13.01804,13.02064,0.00,0.00
2014.04.28 06:04:23.575,13.01823,13.02083,0.00,0.00
2014.04.28 06:04:23.935,13.01823,13.0207,0.00,0.00
2014.04.28 06:04:24.374,13.01823,13.02082,0.00,0.00
2014.04.28 06:04:24.457,13.01824,13.02084,0.00,0.00
2014.04.28 06:04:24.593,13.01823,13.02057,0.00,0.00
2014.04.28 06:04:25.754,13.01853,13.02057,0.00,0.00
2014.04.28 06:04:25.804,13.01853,13.02102,0.00,0.00
2014.04.28 06:04:25.993,13.01853,13.02089,0.00,0.00
2014.04.28 06:04:26.299,13.01853,13.02102,0.00,0.00
2014.04.28 06:04:26.785,13.01853,13.02091,0.00,0.00
2014.04.28 06:04:29.182,13.01853,13.02104,0.00,0.00
2014.04.28 06:04:29.282,13.01893,13.02104,0.00,0.00
2014.04.28 06:04:29.432,13.01898,13.02158,0.00,0.00
2014.04.28 06:04:29.514,13.01893,13.02137,0.00,0.00
2014.04.28 06:04:29.665,13.01918,13.02178,0.00,0.00
2014.04.28 06:04:29.840,13.01923,13.02178,0.00,0.00
2014.04.28 06:04:29.941,13.01918,13.02178,0.00,0.00
2014.04.28 06:04:30.169,13.01931,13.02191,0.00,0.00
2014.04.28 06:04:30.489,13.01933,13.02179,0.00,0.00
2014.04.28 06:04:32.128,13.01933,13.02167,0.00,0.00
2014.04.28 06:04:35.083,13.01933,13.02188,0.00,0.00
2014.04.28 06:04:35.397,13.01933,13.02176,0.00,0.00
2014.04.28 06:04:36.048,13.01933,13.02189,0.00,0.00
2014.04.28 06:04:36.629,13.01933,13.02177,0.00,0.00
2014.04.28 06:04:41.413,13.01917,13.02177,0.00,0.00
2014.04.28 06:04:41.514,13.01893,13.02137,0.00,0.00
2014.04.28 06:04:41.930,13.01893,13.02117,0.00,0.00
2014.04.28 06:04:41.981,13.01857,13.02117,0.00,0.00
2014.04.28 06:04:42.031,13.01803,13.02057,0.00,0.00
2014.04.28 06:04:42.294,13.01817,13.02077,0.00,0.00
2014.04.28 06:04:42.394,13.01803,13.02057,0.00,0.00
2014.04.28 06:04:42.595,13.01804,13.02064,0.00,0.00
2014.04.28 06:04:45.539,13.01803,13.02047,0.00,0.00
2014.04.28 06:04:45.926,13.01803,13.02027,0.00,0.00
2014.04.28 06:04:50.339,13.01803,13.02043,0.00,0.00
2014.04.28 06:04:50.444,13.01803,13.02063,0.00,0.00
2014.04.28 06:04:51.361,13.01803,13.02047,0.00,0.00
2014.04.28 06:04:51.695,13.01803,13.02033,0.00,0.00
2014.04.28 06:04:53.843,13.01773,13.02033,0.00,0.00
2014.04.28 06:04:53.894,13.01773,13.02017,0.00,0.00
2014.04.28 06:04:54.442,13.01793,13.02033,0.00,0.00
2014.04.28 06:04:59.861,13.01793,13.02044,0.00,0.00
2014.04.28 06:05:00.116,13.01802,13.02062,0.00,0.00
2014.04.28 06:05:00.844,13.01817,13.02077,0.00,0.00
2014.04.28 06:05:05.269,13.01813,13.02057,0.00,0.00
2014.04.28 06:05:08.827,13.01777,13.02037,0.00,0.00
2014.04.28 06:05:09.354,13.01783,13.02037,0.00,0.00
2014.04.28 06:05:10.834,13.01783,13.02021,0.00,0.00
2014.04.28 06:05:11.555,13.01743,13.02003,0.00,0.00
2014.04.28 06:05:11.659,13.01743,13.01963,0.00,0.00
2014.04.28 06:05:11.917,13.01743,13.02014,0.00,0.00
2014.04.28 06:05:12.223,13.01773,13.02014,0.00,0.00
2014.04.28 06:05:17.668,13.01773,13.02003,0.00,0.00
2014.04.28 06:05:17.778,13.01773,13.02017,0.00,0.00
2014.04.28 06:05:17.888,13.01773,13.0203,0.00,0.00
2014.04.28 06:05:17.938,13.01793,13.0203,0.00,0.00
2014.04.28 06:05:18.151,13.01793,13.0205,0.00,0.00
2014.04.28 06:05:18.255,13.01793,13.02064,0.00,0.00
2014.04.28 06:05:19.535,13.01793,13.02053,0.00,0.00
2014.04.28 06:05:19.845,13.01793,13.02043,0.00,0.00
2014.04.28 06:05:19.895,13.01793,13.02064,0.00,0.00
2014.04.28 06:05:31.074,13.01793,13.01998,0.00,0.00
2014.04.28 06:05:31.175,13.01763,13.01998,0.00,0.00
2014.04.28 06:05:31.326,13.01763,13.02023,0.00,0.00
2014.04.28 06:05:31.628,13.01772,13.02023,0.00,0.00
2014.04.28 06:05:31.985,13.01783,13.02023,0.00,0.00
2014.04.28 06:05:33.618,13.01783,13.01988,0.00,0.00
2014.04.28 06:05:33.668,13.01753,13.01988,0.00,0.00
2014.04.28 06:05:33.719,13.01753,13.02013,0.00,0.00
2014.04.28 06:05:38.065,13.01753,13.01988,0.00,0.00
2014.04.28 06:05:38.500,13.01782,13.01988,0.00,0.00
2014.04.28 06:05:38.550,13.01782,13.0201,0.00,0.00
2014.04.28 06:05:38.651,13.01773,13.02013,0.00,0.00
2014.04.28 06:05:38.764,13.01773,13.0202,0.00,0.00
2014.04.28 06:05:40.052,13.01782,13.0202,0.00,0.00
2014.04.28 06:05:42.112,13.01782,13.02032,0.00,0.00
2014.04.28 06:05:42.266,13.01782,13.02049,0.00,0.00
2014.04.28 06:05:43.363,13.01793,13.02049,0.00,0.00
2014.04.28 06:05:44.436,13.01793,13.01983,0.00,0.00
2014.04.28 06:05:44.487,13.01743,13.01983,0.00,0.00
2014.04.28 06:05:44.640,13.01743,13.01963,0.00,0.00
2014.04.28 06:05:48.313,13.01773,13.01963,0.00,0.00
2014.04.28 06:05:48.364,13.01773,13.02013,0.00,0.00
2014.04.28 06:05:51.924,13.01773,13.01998,0.00,0.00
2014.04.28 06:05:52.259,13.01773,13.02013,0.00,0.00
2014.04.28 06:05:52.518,13.01773,13.01988,0.00,0.00
2014.04.28 06:05:52.696,13.01773,13.02013,0.00,0.00
2014.04.28 06:05:54.225,13.01773,13.02024,0.00,0.00
2014.04.28 06:05:54.276,13.01793,13.02024,0.00,0.00
2014.04.28 06:05:54.382,13.01793,13.02063,0.00,0.00
2014.04.28 06:05:54.661,13.01793,13.02033,0.00,0.00
2014.04.28 06:05:55.109,13.01793,13.02013,0.00,0.00
2014.04.28 06:05:57.015,13.01763,13.01988,0.00,0.00
2014.04.28 06:06:01.231,13.01763,13.01999,0.00,0.00
2014.04.28 06:06:01.339,13.01763,13.02014,0.00,0.00
2014.04.28 06:06:03.198,13.01763,13.02024,0.00,0.00
2014.04.28 06:06:03.443,13.01765,13.0205,0.00,0.00
2014.04.28 06:06:07.804,13.01763,13.02025,0.00,0.00
2014.04.28 06:06:10.423,13.01793,13.02025,0.00,0.00
2014.04.28 06:06:10.524,13.01793,13.02073,0.00,0.00
2014.04.28 06:06:10.624,13.01808,13.02093,0.00,0.00
2014.04.28 06:06:11.192,13.01793,13.0207,0.00,0.00
2014.04.28 06:06:11.295,13.01815,13.021,0.00,0.00
2014.04.28 06:06:13.332,13.01823,13.021,0.00,0.00
2014.04.28 06:06:14.124,13.01823,13.02078,0.00,0.00
2014.04.28 06:06:14.385,13.01823,13.02103,0.00,0.00
2014.04.28 06:06:15.227,13.01823,13.02091,0.00,0.00
2014.04.28 06:06:15.553,13.01823,13.02103,0.00,0.00
2014.04.28 06:06:17.972,13.01823,13.02078,0.00,0.00
2014.04.28 06:06:18.283,13.01823,13.02103,0.00,0.00
2014.04.28 06:06:18.442,13.01823,13.0209,0.00,0.00
2014.04.28 06:06:19.822,13.01823,13.02102,0.00,0.00
2014.04.28 06:06:19.931,13.01823,13.02089,0.00,0.00
2014.04.28 06:06:20.256,13.01823,13.02077,0.00,0.00
2014.04.28 06:06:20.625,13.01823,13.02075,0.00,0.00
2014.04.28 06:06:21.474,13.01823,13.02099,0.00,0.00
2014.04.28 06:06:22.063,13.01823,13.02076,0.00,0.00
2014.04.28 06:06:22.342,13.01823,13.02088,0.00,0.00
2014.04.28 06:06:24.323,13.01823,13.02099,0.00,0.00
2014.04.28 06:06:24.917,13.01823,13.02077,0.00,0.00
2014.04.28 06:06:25.178,13.01793,13.02061,0.00,0.00
2014.04.28 06:06:25.340,13.01793,13.02073,0.00,0.00
2014.04.28 06:06:28.631,13.01808,13.02093,0.00,0.00
2014.04.28 06:06:28.933,13.01793,13.02078,0.00,0.00
2014.04.28 06:06:29.436,13.01798,13.02083,0.00,0.00
2014.04.28 06:06:30.822,13.01812,13.02083,0.00,0.00
2014.04.28 06:06:30.890,13.01814,13.02099,0.00,0.00
2014.04.28 06:06:30.993,13.01973,13.02099,0.00,0.00
2014.04.28 06:06:31.043,13.01973,13.02113,0.00,0.00
2014.04.28 06:06:31.144,13.01973,13.02223,0.00,0.00
2014.04.28 06:06:31.221,13.01973,13.02243,0.00,0.00
2014.04.28 06:06:31.329,13.01973,13.0222,0.00,0.00
2014.04.28 06:06:31.480,13.01973,13.02245,0.00,0.00
2014.04.28 06:06:31.593,13.01992,13.02255,0.00,0.00
2014.04.28 06:06:31.900,13.02013,13.02256,0.00,0.00
2014.04.28 06:06:32.005,13.02042,13.02302,0.00,0.00
2014.04.28 06:06:32.162,13.02022,13.02302,0.00,0.00
2014.04.28 06:06:32.212,13.02022,13.02278,0.00,0.00
2014.04.28 06:06:32.363,13.02033,13.02317,0.00,0.00
2014.04.28 06:06:32.464,13.02033,13.02292,0.00,0.00
2014.04.28 06:06:32.913,13.02033,13.02276,0.00,0.00
2014.04.28 06:06:33.360,13.02033,13.02288,0.00,0.00
2014.04.28 06:06:33.461,13.02033,13.02299,0.00,0.00
2014.04.28 06:06:33.628,13.02033,13.02275,0.00,0.00
2014.04.28 06:06:33.850,13.02033,13.02301,0.00,0.00
2014.04.28 06:06:33.969,13.02033,13.02272,0.00,0.00
2014.04.28 06:06:34.181,13.02033,13.02297,0.00,0.00
2014.04.28 06:06:34.290,13.02033,13.02295,0.00,0.00
2014.04.28 06:06:34.619,13.02033,13.02298,0.00,0.00
2014.04.28 06:06:35.099,13.02042,13.02309,0.00,0.00
2014.04.28 06:06:35.316,13.02042,13.02323,0.00,0.00
2014.04.28 06:06:35.418,13.02073,13.02334,0.00,0.00
2014.04.28 06:06:35.521,13.02073,13.02345,0.00,0.00
2014.04.28 06:06:35.571,13.02092,13.02345,0.00,0.00
2014.04.28 06:06:35.730,13.02113,13.02384,0.00,0.00
2014.04.28 06:06:35.835,13.02113,13.02389,0.00,0.00
2014.04.28 06:06:36.091,13.02113,13.02377,0.00,0.00
2014.04.28 06:06:36.630,13.02113,13.02389,0.00,0.00
2014.04.28 06:06:37.242,13.02143,13.02389,0.00,0.00
2014.04.28 06:06:37.546,13.02143,13.02367,0.00,0.00
2014.04.28 06:06:37.597,13.02143,13.0238,0.00,0.00
2014.04.28 06:06:37.697,13.02143,13.02392,0.00,0.00
2014.04.28 06:06:37.799,13.02143,13.0238,0.00,0.00
2014.04.28 06:06:38.913,13.02143,13.02392,0.00,0.00
2014.04.28 06:06:39.889,13.02143,13.02379,0.00,0.00
2014.04.28 06:06:40.210,13.02143,13.02367,0.00,0.00
2014.04.28 06:06:40.464,13.02143,13.02378,0.00,0.00
2014.04.28 06:06:40.778,13.02143,13.0239,0.00,0.00
2014.04.28 06:06:41.859,13.02162,13.0239,0.00,0.00
2014.04.28 06:06:42.019,13.02183,13.02425,0.00,0.00
2014.04.28 06:06:43.179,13.02183,13.02414,0.00,0.00
2014.04.28 06:06:44.058,13.02183,13.02426,0.00,0.00
2014.04.28 06:06:44.386,13.02183,13.02414,0.00,0.00
2014.04.28 06:06:45.256,13.02183,13.02403,0.00,0.00
2014.04.28 06:06:45.478,13.02183,13.02414,0.00,0.00
2014.04.28 06:06:45.598,13.02183,13.02426,0.00,0.00
2014.04.28 06:06:45.757,13.02192,13.02426,0.00,0.00
2014.04.28 06:06:45.808,13.02192,13.0246,0.00,0.00
2014.04.28 06:06:45.858,13.02203,13.0246,0.00,0.00
2014.04.28 06:06:45.917,13.02203,13.02481,0.00,0.00
2014.04.28 06:06:46.027,13.02203,13.02463,0.00,0.00
2014.04.28 06:06:46.355,13.02203,13.02437,0.00,0.00
2014.04.28 06:06:46.795,13.02203,13.02425,0.00,0.00
2014.04.28 06:06:47.126,13.02203,13.02437,0.00,0.00
2014.04.28 06:06:47.233,13.02203,13.0248,0.00,0.00
2014.04.28 06:06:47.448,13.02203,13.02463,0.00,0.00
2014.04.28 06:06:49.415,13.02203,13.02481,0.00,0.00
2014.04.28 06:06:49.770,13.02203,13.02463,0.00,0.00
2014.04.28 06:06:50.005,13.02203,13.02482,0.00,0.00
2014.04.28 06:06:50.517,13.02203,13.0247,0.00,0.00
2014.04.28 06:06:52.717,13.02203,13.02482,0.00,0.00
2014.04.28 06:06:52.935,13.02203,13.02471,0.00,0.00
2014.04.28 06:06:54.172,13.02212,13.02471,0.00,0.00
2014.04.28 06:06:54.272,13.02212,13.02482,0.00,0.00
2014.04.28 06:06:54.323,13.02233,13.02482,0.00,0.00
2014.04.28 06:06:55.141,13.02233,13.02463,0.00,0.00
2014.04.28 06:06:55.463,13.02233,13.02475,0.00,0.00
2014.04.28 06:06:56.885,13.02233,13.02489,0.00,0.00
2014.04.28 06:06:57.084,13.02233,13.02477,0.00,0.00
2014.04.28 06:06:57.556,13.02233,13.02465,0.00,0.00
2014.04.28 06:06:57.607,13.02212,13.02465,0.00,0.00
2014.04.28 06:06:57.942,13.02212,13.02487,0.00,0.00
2014.04.28 06:06:58.832,13.02212,13.02465,0.00,0.00
2014.04.28 06:06:59.882,13.02212,13.02489,0.00,0.00
2014.04.28 06:07:00.971,13.02212,13.02477,0.00,0.00
2014.04.28 06:07:01.292,13.02212,13.02465,0.00,0.00
2014.04.28 06:07:01.342,13.02203,13.02465,0.00,0.00
2014.04.28 06:07:01.402,13.02203,13.02435,0.00,0.00
2014.04.28 06:07:01.452,13.02163,13.02435,0.00,0.00
2014.04.28 06:07:01.553,13.02163,13.02438,0.00,0.00
2014.04.28 06:07:01.778,13.02163,13.02414,0.00,0.00
2014.04.28 06:07:01.878,13.02163,13.02438,0.00,0.00
2014.04.28 06:07:01.981,13.02163,13.02413,0.00,0.00
2014.04.28 06:07:02.093,13.02163,13.02426,0.00,0.00
2014.04.28 06:07:02.194,13.02163,13.02438,0.00,0.00
2014.04.28 06:07:02.611,13.02163,13.02426,0.00,0.00
2014.04.28 06:07:02.721,13.02163,13.02439,0.00,0.00
2014.04.28 06:07:03.403,13.02163,13.02414,0.00,0.00
2014.04.28 06:07:03.583,13.02163,13.02439,0.00,0.00
2014.04.28 06:07:03.722,13.02163,13.02414,0.00,0.00
2014.04.28 06:07:03.913,13.02163,13.02438,0.00,0.00
2014.04.28 06:07:04.021,13.02163,13.02426,0.00,0.00
2014.04.28 06:07:04.608,13.02163,13.02448,0.00,0.00
2014.04.28 06:07:04.742,13.02193,13.02448,0.00,0.00
2014.04.28 06:07:05.067,13.02193,13.02439,0.00,0.00
2014.04.28 06:07:05.421,13.02193,13.02415,0.00,0.00
2014.04.28 06:07:05.800,13.02193,13.02433,0.00,0.00
2014.04.28 06:07:06.042,13.02193,13.02445,0.00,0.00
2014.04.28 06:07:06.890,13.02193,13.02463,0.00,0.00
2014.04.28 06:07:06.995,13.02198,13.02483,0.00,0.00
2014.04.28 06:07:07.200,13.02218,13.02503,0.00,0.00
2014.04.28 06:07:08.005,13.02208,13.02493,0.00,0.00
2014.04.28 06:07:08.394,13.02233,13.02493,0.00,0.00
2014.04.28 06:07:09.104,13.02233,13.02481,0.00,0.00
2014.04.28 06:07:09.272,13.02233,13.02503,0.00,0.00
2014.04.28 06:07:10.580,13.02233,13.02482,0.00,0.00
2014.04.28 06:07:11.585,13.02213,13.02482,0.00,0.00
2014.04.28 06:07:11.896,13.02213,13.02493,0.00,0.00
2014.04.28 06:07:12.330,13.02213,13.02481,0.00,0.00
2014.04.28 06:07:12.380,13.02196,13.02481,0.00,0.00
2014.04.28 06:07:12.439,13.02192,13.02455,0.00,0.00
2014.04.28 06:07:12.741,13.02192,13.02453,0.00,0.00
2014.04.28 06:07:12.844,13.02183,13.02453,0.00,0.00
2014.04.28 06:07:12.895,13.02183,13.02436,0.00,0.00
2014.04.28 06:07:13.318,13.02183,13.02448,0.00,0.00
2014.04.28 06:07:14.436,13.02183,13.02435,0.00,0.00
2014.04.28 06:07:15.479,13.02183,13.02453,0.00,0.00
2014.04.28 06:07:16.181,13.02218,13.02503,0.00,0.00
2014.04.28 06:07:16.231,13.02233,13.02503,0.00,0.00
2014.04.28 06:07:16.542,13.02203,13.02437,0.00,0.00
2014.04.28 06:07:19.157,13.02203,13.02453,0.00,0.00
2014.04.28 06:07:22.384,13.02222,13.02453,0.00,0.00
2014.04.28 06:07:22.434,13.02222,13.02498,0.00,0.00
2014.04.28 06:07:22.757,13.02223,13.02477,0.00,0.00
2014.04.28 06:07:22.996,13.02223,13.02489,0.00,0.00
2014.04.28 06:07:23.405,13.02223,13.02502,0.00,0.00
2014.04.28 06:07:23.881,13.02243,13.02502,0.00,0.00
2014.04.28 06:07:23.982,13.02252,13.02537,0.00,0.00
2014.04.28 06:07:24.156,13.02252,13.02512,0.00,0.00
2014.04.28 06:07:24.377,13.02252,13.02537,0.00,0.00
2014.04.28 06:07:24.477,13.02263,13.02537,0.00,0.00
2014.04.28 06:07:24.628,13.02306,13.02591,0.00,0.00
2014.04.28 06:07:24.706,13.02292,13.0257,0.00,0.00
2014.04.28 06:07:24.966,13.02316,13.02601,0.00,0.00
2014.04.28 06:07:25.034,13.02322,13.02601,0.00,0.00
2014.04.28 06:07:25.146,13.02322,13.02603,0.00,0.00
2014.04.28 06:07:25.311,13.02333,13.02603,0.00,0.00
2014.04.28 06:07:25.886,13.02333,13.02592,0.00,0.00
2014.04.28 06:07:27.265,13.02333,13.0258,0.00,0.00
2014.04.28 06:07:27.418,13.02333,13.02603,0.00,0.00
2014.04.28 06:07:27.519,13.02344,13.02629,0.00,0.00
2014.04.28 06:07:27.670,13.02333,13.02615,0.00,0.00
2014.04.28 06:07:27.828,13.02353,13.02638,0.00,0.00
2014.04.28 06:07:27.879,13.02363,13.02638,0.00,0.00
2014.04.28 06:07:28.136,13.02364,13.02649,0.00,0.00
2014.04.28 06:07:28.304,13.02372,13.02649,0.00,0.00
2014.04.28 06:07:28.356,13.02386,13.02671,0.00,0.00
2014.04.28 06:07:28.406,13.02403,13.02671,0.00,0.00
2014.04.28 06:07:28.465,13.02408,13.02693,0.00,0.00
2014.04.28 06:07:30.232,13.02403,13.02662,0.00,0.00
2014.04.28 06:07:30.283,13.02377,13.02662,0.00,0.00
2014.04.28 06:07:30.333,13.02373,13.0265,0.00,0.00
2014.04.28 06:07:30.434,13.02373,13.02653,0.00,0.00
2014.04.28 06:07:30.644,13.02373,13.0263,0.00,0.00
2014.04.28 06:07:30.754,13.02373,13.02653,0.00,0.00
2014.04.28 06:07:32.383,13.02373,13.02643,0.00,0.00
2014.04.28 06:07:32.915,13.02373,13.02653,0.00,0.00
2014.04.28 06:07:33.059,13.02393,13.02653,0.00,0.00
2014.04.28 06:07:33.141,13.02398,13.02683,0.00,0.00
2014.04.28 06:07:33.292,13.02393,13.02661,0.00,0.00
2014.04.28 06:07:33.682,13.02408,13.02693,0.00,0.00
2014.04.28 06:07:34.219,13.02393,13.0267,0.00,0.00
2014.04.28 06:07:34.435,13.02408,13.02693,0.00,0.00
2014.04.28 06:07:34.803,13.02397,13.02682,0.00,0.00
2014.04.28 06:07:35.236,13.02408,13.02693,0.00,0.00
2014.04.28 06:07:36.779,13.02452,13.02693,0.00,0.00
2014.04.28 06:07:36.830,13.02483,13.02735,0.00,0.00
2014.04.28 06:07:37.043,13.02483,13.0271,0.00,0.00
2014.04.28 06:07:37.193,13.02483,13.02723,0.00,0.00
2014.04.28 06:07:37.372,13.02483,13.02735,0.00,0.00
2014.04.28 06:07:37.592,13.02483,13.02723,0.00,0.00
2014.04.28 06:07:39.673,13.02493,13.02723,0.00,0.00
2014.04.28 06:07:39.774,13.02493,13.02746,0.00,0.00
2014.04.28 06:07:39.875,13.02493,13.02681,0.00,0.00
2014.04.28 06:07:39.926,13.02443,13.02681,0.00,0.00
2014.04.28 06:07:40.027,13.02443,13.02694,0.00,0.00
2014.04.28 06:07:40.078,13.02443,13.02675,0.00,0.00
2014.04.28 06:07:40.229,13.02443,13.02699,0.00,0.00
2014.04.28 06:07:40.329,13.02413,13.02675,0.00,0.00
2014.04.28 06:07:40.842,13.02418,13.02703,0.00,0.00
2014.04.28 06:07:40.893,13.02443,13.02703,0.00,0.00
2014.04.28 06:07:41.174,13.02475,13.0276,0.00,0.00
2014.04.28 06:07:41.421,13.02473,13.0275,0.00,0.00
2014.04.28 06:07:41.732,13.02473,13.02738,0.00,0.00
2014.04.28 06:07:42.322,13.02493,13.02738,0.00,0.00
2014.04.28 06:07:42.423,13.02473,13.02728,0.00,0.00
2014.04.28 06:07:42.921,13.02473,13.02749,0.00,0.00
2014.04.28 06:07:43.369,13.02473,13.02737,0.00,0.00
2014.04.28 06:07:43.584,13.02493,13.0276,0.00,0.00
2014.04.28 06:07:43.735,13.02494,13.02779,0.00,0.00
2014.04.28 06:07:43.913,13.02493,13.02767,0.00,0.00
2014.04.28 06:07:44.250,13.02507,13.02792,0.00,0.00
2014.04.28 06:07:45.722,13.02533,13.02792,0.00,0.00
2014.04.28 06:07:46.050,13.02533,13.02772,0.00,0.00
2014.04.28 06:07:48.791,13.02513,13.02772,0.00,0.00
2014.04.28 06:07:51.362,13.02513,13.02757,0.00,0.00
2014.04.28 06:07:51.865,13.02513,13.0271,0.00,0.00
2014.04.28 06:07:51.916,13.02433,13.0271,0.00,0.00
2014.04.28 06:07:52.101,13.02433,13.02682,0.00,0.00
2014.04.28 06:07:52.201,13.02433,13.02704,0.00,0.00
2014.04.28 06:07:52.342,13.02433,13.02682,0.00,0.00
2014.04.28 06:07:53.059,13.02433,13.02694,0.00,0.00
2014.04.28 06:07:55.559,13.02433,13.02682,0.00,0.00
2014.04.28 06:07:55.928,13.02433,13.02704,0.00,0.00
2014.04.28 06:07:56.861,13.02433,13.02682,0.00,0.00
2014.04.28 06:07:58.179,13.02433,13.02704,0.00,0.00
2014.04.28 06:07:58.625,13.02433,13.02683,0.00,0.00
2014.04.28 06:07:59.286,13.02433,13.02694,0.00,0.00
2014.04.28 06:08:03.929,13.02433,13.02681,0.00,0.00
2014.04.28 06:08:04.267,13.02393,13.02638,0.00,0.00
2014.04.28 06:08:04.576,13.02393,13.02654,0.00,0.00
2014.04.28 06:08:04.898,13.02393,13.02636,0.00,0.00
2014.04.28 06:08:05.508,13.02393,13.02635,0.00,0.00
2014.04.28 06:08:05.559,13.02393,13.02647,0.00,0.00
2014.04.28 06:08:06.053,13.02393,13.02664,0.00,0.00
2014.04.28 06:08:06.117,13.02393,13.02676,0.00,0.00
2014.04.28 06:08:06.774,13.02393,13.02664,0.00,0.00
2014.04.28 06:08:07.209,13.02393,13.02653,0.00,0.00
2014.04.28 06:08:07.794,13.02393,13.02634,0.00,0.00
2014.04.28 06:08:08.528,13.02393,13.02664,0.00,0.00
2014.04.28 06:08:08.974,13.02399,13.02684,0.00,0.00
2014.04.28 06:08:09.405,13.02393,13.02655,0.00,0.00
2014.04.28 06:08:10.044,13.02393,13.02654,0.00,0.00
2014.04.28 06:08:10.458,13.02393,13.02634,0.00,0.00
2014.04.28 06:08:10.604,13.02393,13.02646,0.00,0.00
2014.04.28 06:08:11.909,13.02393,13.02634,0.00,0.00
2014.04.28 06:08:12.163,13.02393,13.02654,0.00,0.00
2014.04.28 06:08:13.338,13.02363,13.0259,0.00,0.00
2014.04.28 06:08:13.481,13.02343,13.0259,0.00,0.00
2014.04.28 06:08:17.940,13.02313,13.0259,0.00,0.00
2014.04.28 06:08:17.991,13.02313,13.02578,0.00,0.00
2014.04.28 06:08:18.051,13.02302,13.02578,0.00,0.00
2014.04.28 06:08:18.101,13.02253,13.02512,0.00,0.00
2014.04.28 06:08:18.160,13.02227,13.02512,0.00,0.00
2014.04.28 06:08:18.210,13.02223,13.02493,0.00,0.00
2014.04.28 06:08:18.522,13.02223,13.02502,0.00,0.00
2014.04.28 06:08:18.633,13.02223,13.0249,0.00,0.00
2014.04.28 06:08:18.764,13.02223,13.02502,0.00,0.00
2014.04.28 06:08:20.910,13.02253,13.02502,0.00,0.00
2014.04.28 06:08:21.175,13.02262,13.02537,0.00,0.00
2014.04.28 06:08:21.481,13.02273,13.02548,0.00,0.00
2014.04.28 06:08:23.320,13.02273,13.02537,0.00,0.00
2014.04.28 06:08:24.755,13.02273,13.02513,0.00,0.00
2014.04.28 06:08:25.140,13.02273,13.02525,0.00,0.00
2014.04.28 06:08:26.804,13.02273,13.02512,0.00,0.00
2014.04.28 06:08:28.719,13.02273,13.02523,0.00,0.00
2014.04.28 06:08:29.505,13.02273,13.02539,0.00,0.00
2014.04.28 06:08:29.717,13.02253,13.02491,0.00,0.00
2014.04.28 06:08:30.041,13.02253,13.02502,0.00,0.00
2014.04.28 06:08:30.480,13.02253,13.0249,0.00,0.00
2014.04.28 06:08:32.906,13.02253,13.02414,0.00,0.00
2014.04.28 06:08:33.210,13.02253,13.02395,0.00,0.00
2014.04.28 06:08:33.530,13.02253,13.02371,0.00,0.00
2014.04.28 06:08:33.831,13.02253,13.02354,0.00,0.00
2014.04.28 06:08:33.882,13.02093,13.02354,0.00,0.00
2014.04.28 06:08:34.670,13.02069,13.02354,0.00,0.00
2014.04.28 06:08:34.771,13.02063,13.02334,0.00,0.00
2014.04.28 06:08:35.080,13.02043,13.02304,0.00,0.00
2014.04.28 06:08:36.730,13.02019,13.02304,0.00,0.00
2014.04.28 06:08:36.831,13.02013,13.02274,0.00,0.00
2014.04.28 06:08:37.032,13.02013,13.02294,0.00,0.00
2014.04.28 06:08:37.338,13.02013,13.02274,0.00,0.00
2014.04.28 06:08:37.439,13.01993,13.02274,0.00,0.00
2014.04.28 06:08:37.489,13.01993,13.02254,0.00,0.00
2014.04.28 06:08:42.780,13.01969,13.02254,0.00,0.00
2014.04.28 06:08:44.668,13.01982,13.02254,0.00,0.00
2014.04.28 06:08:44.975,13.01993,13.02254,0.00,0.00
2014.04.28 06:08:45.116,13.01963,13.02231,0.00,0.00
2014.04.28 06:08:45.217,13.01963,13.02204,0.00,0.00
2014.04.28 06:08:47.730,13.01943,13.02204,0.00,0.00
2014.04.28 06:08:48.914,13.01943,13.02158,0.00,0.00
2014.04.28 06:08:48.964,13.01919,13.02158,0.00,0.00
2014.04.28 06:08:49.015,13.01863,13.02104,0.00,0.00
2014.04.28 06:08:49.115,13.01833,13.02104,0.00,0.00
2014.04.28 06:08:49.270,13.01819,13.02104,0.00,0.00
2014.04.28 06:08:49.771,13.01813,13.02074,0.00,0.00
2014.04.28 06:08:49.821,13.01789,13.02074,0.00,0.00
2014.04.28 06:08:49.977,13.01783,13.02054,0.00,0.00
2014.04.28 06:08:50.335,13.01762,13.02003,0.00,0.00
2014.04.28 06:08:50.386,13.01783,13.02054,0.00,0.00
2014.04.28 06:08:51.044,13.01783,13.02042,0.00,0.00
2014.04.28 06:08:51.145,13.01757,13.02042,0.00,0.00
2014.04.28 06:08:51.196,13.01743,13.02001,0.00,0.00
2014.04.28 06:08:52.014,13.01743,13.01984,0.00,0.00
2014.04.28 06:08:52.064,13.01722,13.01984,0.00,0.00
2014.04.28 06:08:52.165,13.01722,13.02004,0.00,0.00
2014.04.28 06:08:52.343,13.01722,13.01984,0.00,0.00
2014.04.28 06:08:52.394,13.01713,13.01984,0.00,0.00
2014.04.28 06:08:53.334,13.01719,13.02004,0.00,0.00
2014.04.28 06:08:53.485,13.01713,13.01984,0.00,0.00
2014.04.28 06:08:55.650,13.01743,13.01984,0.00,0.00
2014.04.28 06:08:55.758,13.01779,13.02064,0.00,0.00
2014.04.28 06:08:55.808,13.01783,13.02064,0.00,0.00
2014.04.28 06:08:55.858,13.01819,13.02104,0.00,0.00
2014.04.28 06:08:57.447,13.01823,13.02104,0.00,0.00
2014.04.28 06:08:57.902,13.01839,13.02124,0.00,0.00
2014.04.28 06:08:57.960,13.01993,13.02124,0.00,0.00
2014.04.28 06:08:58.061,13.01993,13.02234,0.00,0.00
2014.04.28 06:08:58.112,13.02002,13.02234,0.00,0.00
2014.04.28 06:08:58.281,13.02039,13.02324,0.00,0.00
2014.04.28 06:08:58.331,13.02073,13.02324,0.00,0.00
2014.04.28 06:08:58.382,13.02073,13.02354,0.00,0.00
2014.04.28 06:08:58.483,13.02053,13.02338,0.00,0.00
2014.04.28 06:08:58.895,13.02069,13.02354,0.00,0.00
2014.04.28 06:08:59.442,13.02063,13.0234,0.00,0.00
2014.04.28 06:08:59.992,13.02079,13.02364,0.00,0.00
2014.04.28 06:09:00.093,13.02083,13.02364,0.00,0.00
2014.04.28 06:09:00.143,13.02107,13.02392,0.00,0.00
2014.04.28 06:09:00.212,13.02083,13.02341,0.00,0.00
2014.04.28 06:09:00.322,13.02083,13.02354,0.00,0.00
2014.04.28 06:09:00.432,13.02083,13.02317,0.00,0.00
2014.04.28 06:09:00.490,13.02053,13.02317,0.00,0.00
2014.04.28 06:09:01.040,13.02153,13.02317,0.00,0.00
2014.04.28 06:09:01.140,13.02153,13.02409,0.00,0.00
2014.04.28 06:09:01.644,13.02153,13.0241,0.00,0.00
2014.04.28 06:09:02.628,13.0221,13.0247,0.00,0.00
2014.04.28 06:09:02.841,13.02228,13.02488,0.00,0.00
2014.04.28 06:09:03.144,13.0224,13.025,0.00,0.00
2014.04.28 06:09:05.251,13.0221,13.0247,0.00,0.00
2014.04.28 06:09:05.602,13.0223,13.0249,0.00,0.00
2014.04.28 06:09:06.386,13.022,13.0246,0.00,0.00
2014.04.28 06:09:06.914,13.0222,13.0248,0.00,0.00
2014.04.28 06:09:07.260,13.022,13.0246,0.00,0.00
2014.04.28 06:09:07.602,13.02193,13.0241,0.00,0.00
2014.04.28 06:09:07.653,13.02173,13.0241,0.00,0.00
2014.04.28 06:09:07.754,13.0215,13.0241,0.00,0.00
2014.04.28 06:09:10.173,13.0228,13.02458,0.00,0.00
2014.04.28 06:09:10.283,13.0226,13.0252,0.00,0.00
2014.04.28 06:09:10.420,13.0235,13.02608,0.00,0.00
2014.04.28 06:09:10.476,13.0235,13.0261,0.00,0.00
2014.04.28 06:09:10.526,13.02363,13.0262,0.00,0.00
2014.04.28 06:09:10.627,13.024,13.0266,0.00,0.00
2014.04.28 06:09:10.732,13.02389,13.02649,0.00,0.00
2014.04.28 06:09:11.038,13.02443,13.0269,0.00,0.00
2014.04.28 06:09:11.089,13.0236,13.0262,0.00,0.00
2014.04.28 06:09:11.189,13.02338,13.02598,0.00,0.00
2014.04.28 06:09:11.552,13.02403,13.0265,0.00,0.00
2014.04.28 06:09:12.140,13.02403,13.02632,0.00,0.00
2014.04.28 06:09:12.360,13.02403,13.0265,0.00,0.00
2014.04.28 06:09:12.799,13.02474,13.02734,0.00,0.00
2014.04.28 06:09:12.950,13.02489,13.02749,0.00,0.00
2014.04.28 06:09:13.257,13.02543,13.02803,0.00,0.00
2014.04.28 06:09:13.790,13.0259,13.0285,0.00,0.00
2014.04.28 06:09:14.119,13.02675,13.02897,0.00,0.00
2014.04.28 06:09:14.572,13.02652,13.02897,0.00,0.00
2014.04.28 06:09:14.749,13.02653,13.02912,0.00,0.00
2014.04.28 06:09:14.800,13.02664,13.02924,0.00,0.00
2014.04.28 06:09:15.266,13.02672,13.02924,0.00,0.00
2014.04.28 06:09:15.367,13.02727,13.02987,0.00,0.00
2014.04.28 06:09:15.570,13.02736,13.02996,0.00,0.00
2014.04.28 06:09:16.097,13.02716,13.02976,0.00,0.00
2014.04.28 06:09:16.419,13.02722,13.02982,0.00,0.00
2014.04.28 06:09:17.437,13.02735,13.02995,0.00,0.00
2014.04.28 06:09:17.802,13.02716,13.02976,0.00,0.00
2014.04.28 06:09:18.156,13.02646,13.02906,0.00,0.00
2014.04.28 06:09:18.458,13.02556,13.02816,0.00,0.00
2014.04.28 06:09:18.759,13.02534,13.02794,0.00,0.00
2014.04.28 06:09:19.077,13.02412,13.02672,0.00,0.00
2014.04.28 06:09:19.475,13.0239,13.0265,0.00,0.00
2014.04.28 06:09:19.997,13.02383,13.02639,0.00,0.00
2014.04.28 06:09:20.048,13.02379,13.02639,0.00,0.00
2014.04.28 06:09:20.107,13.0234,13.026,0.00,0.00
2014.04.28 06:09:21.427,13.02323,13.02567,0.00,0.00
2014.04.28 06:09:21.477,13.02307,13.02567,0.00,0.00
2014.04.28 06:09:21.537,13.02289,13.02549,0.00,0.00
2014.04.28 06:09:22.076,13.023,13.0256,0.00,0.00
2014.04.28 06:09:22.384,13.0232,13.0258,0.00,0.00
2014.04.28 06:09:22.687,13.02345,13.02605,0.00,0.00
2014.04.28 06:09:23.017,13.02297,13.02557,0.00,0.00
2014.04.28 06:09:26.133,13.0223,13.0249,0.00,0.00
2014.04.28 06:09:26.453,13.02275,13.02535,0.00,0.00
2014.04.28 06:09:27.056,13.023,13.0256,0.00,0.00
2014.04.28 06:09:29.539,13.02272,13.02532,0.00,0.00
2014.04.28 06:09:36.968,13.0231,13.0257,0.00,0.00
2014.04.28 06:09:37.296,13.0234,13.026,0.00,0.00
2014.04.28 06:09:39.272,13.02351,13.02611,0.00,0.00
2014.04.28 06:09:40.154,13.02321,13.02581,0.00,0.00
2014.04.28 06:09:40.562,13.02301,13.02561,0.00,0.00
2014.04.28 06:09:41.579,13.02331,13.02591,0.00,0.00
2014.04.28 06:09:43.370,13.02351,13.02611,0.00,0.00
2014.04.28 06:09:53.398,13.02331,13.02591,0.00,0.00
2014.04.28 06:09:53.857,13.02303,13.02541,0.00,0.00
2014.04.28 06:09:53.957,13.02251,13.02511,0.00,0.00
2014.04.28 06:09:56.035,13.02221,13.02481,0.00,0.00
2014.04.28 06:09:56.445,13.02231,13.02491,0.00,0.00
2014.04.28 06:09:57.156,13.02201,13.02461,0.00,0.00
2014.04.28 06:09:58.828,13.02251,13.02511,0.00,0.00
2014.04.28 06:09:59.351,13.02292,13.02511,0.00,0.00
2014.04.28 06:09:59.509,13.02351,13.02611,0.00,0.00
2014.04.28 06:09:59.729,13.02321,13.02581,0.00,0.00
2014.04.28 06:10:00.068,13.02376,13.02636,0.00,0.00
2014.04.28 06:10:00.798,13.02441,13.02701,0.00,0.00
2014.04.28 06:10:01.148,13.02476,13.02736,0.00,0.00
2014.04.28 06:10:01.728,13.02451,13.02711,0.00,0.00
2014.04.28 06:10:02.419,13.02453,13.02711,0.00,0.00
2014.04.28 06:10:02.469,13.02501,13.02761,0.00,0.00
2014.04.28 06:10:03.000,13.02551,13.02811,0.00,0.00
2014.04.28 06:10:03.336,13.02511,13.02771,0.00,0.00
2014.04.28 06:10:03.707,13.02501,13.02761,0.00,0.00
2014.04.28 06:10:04.036,13.02546,13.02806,0.00,0.00
2014.04.28 06:10:04.367,13.0252,13.0278,0.00,0.00
2014.04.28 06:10:04.696,13.02501,13.02761,0.00,0.00
2014.04.28 06:10:06.456,13.02476,13.02736,0.00,0.00
2014.04.28 06:10:07.006,13.02421,13.02681,0.00,0.00
2014.04.28 06:10:10.075,13.02413,13.02641,0.00,0.00
2014.04.28 06:10:10.126,13.02381,13.02641,0.00,0.00
2014.04.28 06:10:10.176,13.02313,13.02551,0.00,0.00
2014.04.28 06:10:10.276,13.02313,13.02571,0.00,0.00
2014.04.28 06:10:10.386,13.02331,13.02591,0.00,0.00
2014.04.28 06:10:10.605,13.02313,13.02561,0.00,0.00
2014.04.28 06:10:12.470,13.02276,13.02536,0.00,0.00
2014.04.28 06:10:12.859,13.02303,13.02536,0.00,0.00
2014.04.28 06:10:12.910,13.02331,13.02591,0.00,0.00
2014.04.28 06:10:13.010,13.02311,13.02571,0.00,0.00
2014.04.28 06:10:17.784,13.02303,13.02531,0.00,0.00
2014.04.28 06:10:17.834,13.02271,13.02531,0.00,0.00
2014.04.28 06:10:17.894,13.02251,13.02511,0.00,0.00
2014.04.28 06:10:19.102,13.02231,13.02491,0.00,0.00
2014.04.28 06:10:28.673,13.02221,13.02481,0.00,0.00
2014.04.28 06:10:29.122,13.02201,13.02461,0.00,0.00
2014.04.28 06:10:57.276,13.02183,13.02361,0.00,0.00
2014.04.28 06:10:57.447,13.02071,13.02331,0.00,0.00
2014.04.28 06:10:57.497,13.02021,13.02281,0.00,0.00
2014.04.28 06:10:57.824,13.01991,13.02251,0.00,0.00
2014.04.28 06:10:58.173,13.01951,13.02211,0.00,0.00
2014.04.28 06:11:02.983,13.02051,13.02258,0.00,0.00
2014.04.28 06:11:03.034,13.02051,13.02311,0.00,0.00
2014.04.28 06:11:05.842,13.0204,13.023,0.00,0.00
2014.04.28 06:11:06.612,13.02051,13.02311,0.00,0.00
2014.04.28 06:11:09.827,13.02021,13.02281,0.00,0.00
2014.04.28 06:11:10.288,13.02001,13.02261,0.00,0.00
2014.04.28 06:11:15.591,13.02062,13.02261,0.00,0.00
2014.04.28 06:11:15.642,13.02062,13.02311,0.00,0.00
2014.04.28 06:11:15.799,13.02051,13.02311,0.00,0.00
2014.04.28 06:11:18.396,13.02043,13.02281,0.00,0.00
2014.04.28 06:11:18.447,13.02021,13.02281,0.00,0.00
2014.04.28 06:11:18.939,13.02001,13.02261,0.00,0.00
2014.04.28 06:11:19.818,13.02031,13.02291,0.00,0.00
2014.04.28 06:11:23.017,13.02001,13.02261,0.00,0.00
2014.04.28 06:11:38.656,13.02001,13.02258,0.00,0.00
2014.04.28 06:11:38.807,13.01951,13.02211,0.00,0.00
2014.04.28 06:11:41.622,13.01962,13.02211,0.00,0.00
2014.04.28 06:11:41.672,13.02001,13.02261,0.00,0.00
2014.04.28 06:11:42.197,13.02003,13.02261,0.00,0.00
2014.04.28 06:11:42.314,13.02021,13.02281,0.00,0.00
2014.04.28 06:11:42.365,13.02032,13.02281,0.00,0.00
2014.04.28 06:11:42.532,13.02071,13.02331,0.00,0.00
2014.04.28 06:11:42.689,13.02091,13.02351,0.00,0.00
2014.04.28 06:11:43.018,13.02111,13.02371,0.00,0.00
2014.04.28 06:11:43.348,13.02097,13.02357,0.00,0.00
2014.04.28 06:11:47.989,13.02131,13.02391,0.00,0.00
2014.04.28 06:11:48.353,13.02153,13.02411,0.00,0.00
2014.04.28 06:11:48.642,13.02166,13.02426,0.00,0.00
2014.04.28 06:11:51.852,13.02181,13.02441,0.00,0.00
2014.04.28 06:11:52.310,13.02193,13.02453,0.00,0.00
2014.04.28 06:11:52.719,13.02232,13.02453,0.00,0.00
2014.04.28 06:11:52.820,13.02251,13.02511,0.00,0.00
2014.04.28 06:11:54.230,13.02271,13.02531,0.00,0.00
2014.04.28 06:11:58.258,13.02283,13.02531,0.00,0.00
2014.04.28 06:11:58.309,13.02286,13.02546,0.00,0.00
2014.04.28 06:11:58.639,13.02301,13.02561,0.00,0.00
2014.04.28 06:12:02.294,13.02302,13.02561,0.00,0.00
2014.04.28 06:12:02.539,13.02331,13.02591,0.00,0.00
2014.04.28 06:12:02.978,13.0232,13.0258,0.00,0.00
2014.04.28 06:12:03.307,13.02331,13.02591,0.00,0.00
2014.04.28 06:12:03.667,13.02319,13.02579,0.00,0.00
2014.04.28 06:12:05.277,13.02341,13.02601,0.00,0.00
2014.04.28 06:12:05.617,13.02353,13.02601,0.00,0.00
2014.04.28 06:12:06.057,13.02383,13.02601,0.00,0.00
2014.04.28 06:12:09.427,13.02391,13.02651,0.00,0.00
2014.04.28 06:12:09.532,13.02383,13.02636,0.00,0.00
2014.04.28 06:12:09.838,13.02383,13.02626,0.00,0.00
2014.04.28 06:12:10.143,13.02383,13.02609,0.00,0.00
2014.04.28 06:12:10.194,13.02383,13.02626,0.00,0.00
2014.04.28 06:12:10.655,13.02386,13.02646,0.00,0.00
2014.04.28 06:12:10.706,13.02403,13.02646,0.00,0.00
2014.04.28 06:12:10.852,13.02403,13.02661,0.00,0.00
2014.04.28 06:12:11.066,13.02403,13.02642,0.00,0.00
2014.04.28 06:12:11.173,13.02403,13.02654,0.00,0.00
2014.04.28 06:12:18.377,13.02394,13.02654,0.00,0.00
2014.04.28 06:12:18.427,13.02363,13.02607,0.00,0.00
2014.04.28 06:12:18.963,13.02363,13.02619,0.00,0.00
2014.04.28 06:12:19.205,13.02372,13.02619,0.00,0.00
2014.04.28 06:12:19.307,13.02401,13.02661,0.00,0.00
2014.04.28 06:12:19.508,13.02383,13.02631,0.00,0.00
2014.04.28 06:12:19.764,13.02394,13.02654,0.00,0.00
2014.04.28 06:12:21.463,13.02383,13.02643,0.00,0.00
2014.04.28 06:12:23.116,13.02401,13.02661,0.00,0.00
2014.04.28 06:12:24.504,13.02383,13.02602,0.00,0.00
2014.04.28 06:12:24.646,13.02342,13.02602,0.00,0.00
2014.04.28 06:12:28.937,13.02353,13.02602,0.00,0.00
2014.04.28 06:12:33.886,13.02342,13.02602,0.00,0.00
2014.04.28 06:12:36.457,13.02353,13.02602,0.00,0.00
2014.04.28 06:12:43.481,13.02353,13.0257,0.00,0.00
2014.04.28 06:12:43.582,13.02342,13.0257,0.00,0.00
2014.04.28 06:12:43.919,13.02342,13.02582,0.00,0.00
2014.04.28 06:12:50.395,13.02353,13.02582,0.00,0.00
2014.04.28 06:12:50.831,13.02423,13.02582,0.00,0.00
2014.04.28 06:12:50.946,13.02426,13.02686,0.00,0.00
2014.04.28 06:12:51.542,13.02423,13.02682,0.00,0.00
2014.04.28 06:12:51.865,13.02432,13.02669,0.00,0.00
2014.04.28 06:12:51.935,13.02432,13.02682,0.00,0.00
2014.04.28 06:12:53.183,13.02452,13.02682,0.00,0.00
2014.04.28 06:12:53.297,13.02476,13.02736,0.00,0.00
2014.04.28 06:12:53.479,13.02463,13.02706,0.00,0.00
2014.04.28 06:12:53.803,13.02443,13.02674,0.00,0.00
2014.04.28 06:12:55.985,13.02443,13.02686,0.00,0.00
2014.04.28 06:12:57.218,13.02443,13.02671,0.00,0.00
2014.04.28 06:12:57.643,13.02443,13.02686,0.00,0.00
2014.04.28 06:12:57.781,13.02452,13.02686,0.00,0.00
2014.04.28 06:12:57.863,13.02476,13.02736,0.00,0.00
2014.04.28 06:12:58.288,13.02482,13.02736,0.00,0.00
2014.04.28 06:12:59.444,13.02503,13.02736,0.00,0.00
2014.04.28 06:12:59.903,13.02523,13.02736,0.00,0.00
2014.04.28 06:13:00.077,13.02523,13.02761,0.00,0.00
2014.04.28 06:13:00.253,13.02523,13.02749,0.00,0.00
2014.04.28 06:13:01.727,13.02523,13.02736,0.00,0.00
2014.04.28 06:13:02.358,13.02523,13.02771,0.00,0.00
2014.04.28 06:13:02.452,13.02525,13.02785,0.00,0.00
2014.04.28 06:13:03.007,13.02523,13.0276,0.00,0.00
2014.04.28 06:13:03.441,13.02523,13.02758,0.00,0.00
2014.04.28 06:13:03.507,13.025,13.02758,0.00,0.00
2014.04.28 06:13:03.647,13.02454,13.02714,0.00,0.00
2014.04.28 06:13:03.698,13.02443,13.02673,0.00,0.00
2014.04.28 06:13:03.801,13.02443,13.02691,0.00,0.00
2014.04.28 06:13:03.904,13.02443,13.02673,0.00,0.00
2014.04.28 06:13:04.106,13.02443,13.02685,0.00,0.00
2014.04.28 06:13:04.862,13.02443,13.02696,0.00,0.00
2014.04.28 06:13:04.972,13.02456,13.02716,0.00,0.00
2014.04.28 06:13:05.082,13.02443,13.02672,0.00,0.00
2014.04.28 06:13:05.759,13.02443,13.02684,0.00,0.00
2014.04.28 06:13:06.402,13.02443,13.02672,0.00,0.00
2014.04.28 06:13:06.916,13.02422,13.02672,0.00,0.00
2014.04.28 06:13:06.967,13.02413,13.0264,0.00,0.00
2014.04.28 06:13:07.288,13.02413,13.02636,0.00,0.00
2014.04.28 06:13:07.611,13.02413,13.02656,0.00,0.00
2014.04.28 06:13:08.043,13.02426,13.02686,0.00,0.00
2014.04.28 06:13:10.931,13.02403,13.02663,0.00,0.00
2014.04.28 06:13:11.250,13.02383,13.02636,0.00,0.00
2014.04.28 06:13:11.579,13.02383,13.02621,0.00,0.00
2014.04.28 06:13:12.200,13.02383,13.02632,0.00,0.00
2014.04.28 06:13:18.268,13.02383,13.0262,0.00,0.00
2014.04.28 06:13:18.479,13.02336,13.02596,0.00,0.00
2014.04.28 06:13:18.529,13.02333,13.02563,0.00,0.00
2014.04.28 06:13:18.818,13.02333,13.02591,0.00,0.00
2014.04.28 06:13:19.258,13.02351,13.02611,0.00,0.00
2014.04.28 06:13:19.339,13.02362,13.02611,0.00,0.00
2014.04.28 06:13:19.389,13.02376,13.02636,0.00,0.00
2014.04.28 06:13:19.617,13.02373,13.02616,0.00,0.00
2014.04.28 06:13:19.808,13.02373,13.02629,0.00,0.00
2014.04.28 06:13:22.794,13.02382,13.02629,0.00,0.00
2014.04.28 06:13:23.147,13.02393,13.02629,0.00,0.00
2014.04.28 06:13:24.117,13.02393,13.02582,0.00,0.00
2014.04.28 06:13:24.268,13.02397,13.02657,0.00,0.00
2014.04.28 06:13:24.448,13.02393,13.02636,0.00,0.00
2014.04.28 06:13:24.997,13.02393,13.02619,0.00,0.00
2014.04.28 06:13:25.328,13.02393,13.0263,0.00,0.00
2014.04.28 06:13:26.836,13.02393,13.02618,0.00,0.00
2014.04.28 06:13:26.946,13.02393,13.02629,0.00,0.00
2014.04.28 06:13:28.057,13.02393,13.02641,0.00,0.00
2014.04.28 06:13:28.157,13.02401,13.02661,0.00,0.00
2014.04.28 06:13:28.258,13.02413,13.02661,0.00,0.00
2014.04.28 06:13:30.996,13.02413,13.02645,0.00,0.00
2014.04.28 06:13:31.113,13.02429,13.02689,0.00,0.00
2014.04.28 06:13:31.164,13.02443,13.02689,0.00,0.00
2014.04.28 06:13:31.735,13.02443,13.02677,0.00,0.00
2014.04.28 06:13:33.955,13.02443,13.02663,0.00,0.00
2014.04.28 06:13:37.104,13.02443,13.02676,0.00,0.00
2014.04.28 06:13:37.434,13.02443,13.0269,0.00,0.00
2014.04.28 06:13:37.654,13.02443,13.02666,0.00,0.00
2014.04.28 06:13:38.425,13.02443,13.02648,0.00,0.00
2014.04.28 06:13:38.525,13.02388,13.02648,0.00,0.00
2014.04.28 06:13:38.576,13.02333,13.02585,0.00,0.00
2014.04.28 06:13:38.626,13.02325,13.02585,0.00,0.00
2014.04.28 06:13:38.677,13.02313,13.02573,0.00,0.00
2014.04.28 06:13:39.025,13.02323,13.02568,0.00,0.00
2014.04.28 06:13:39.225,13.02323,13.0258,0.00,0.00
2014.04.28 06:13:40.072,13.02331,13.02591,0.00,0.00
2014.04.28 06:13:40.173,13.02353,13.02591,0.00,0.00
2014.04.28 06:13:40.223,13.02353,13.02601,0.00,0.00
2014.04.28 06:13:42.174,13.02353,13.02581,0.00,0.00
2014.04.28 06:13:43.346,13.02353,13.02591,0.00,0.00
2014.04.28 06:13:43.862,13.02353,13.02574,0.00,0.00
2014.04.28 06:13:57.531,13.02353,13.02562,0.00,0.00
2014.04.28 06:13:57.631,13.02313,13.02562,0.00,0.00
2014.04.28 06:13:57.682,13.02313,13.0255,0.00,0.00
2014.04.28 06:13:57.863,13.02313,13.02562,0.00,0.00
2014.04.28 06:13:58.078,13.02313,13.02549,0.00,0.00
2014.04.28 06:14:01.208,13.02332,13.02549,0.00,0.00
2014.04.28 06:14:01.258,13.02343,13.02601,0.00,0.00
2014.04.28 06:14:01.661,13.02343,13.02591,0.00,0.00
2014.04.28 06:14:02.584,13.02343,13.02601,0.00,0.00
2014.04.28 06:14:03.738,13.02343,13.02575,0.00,0.00
2014.04.28 06:14:12.805,13.02343,13.02563,0.00,0.00
2014.04.28 06:14:12.925,13.02243,13.02499,0.00,0.00
2014.04.28 06:14:13.026,13.02253,13.02513,0.00,0.00
2014.04.28 06:14:13.127,13.02243,13.02501,0.00,0.00
2014.04.28 06:14:13.471,13.02243,13.02486,0.00,0.00
2014.04.28 06:14:13.535,13.02243,13.02501,0.00,0.00
2014.04.28 06:14:13.855,13.02243,13.02477,0.00,0.00
2014.04.28 06:14:13.906,13.02217,13.02477,0.00,0.00
2014.04.28 06:14:13.965,13.02203,13.02446,0.00,0.00
2014.04.28 06:14:14.233,13.02203,13.02461,0.00,0.00
2014.04.28 06:14:14.791,13.02212,13.02461,0.00,0.00
2014.04.28 06:14:14.844,13.02231,13.02491,0.00,0.00
2014.04.28 06:14:14.894,13.02243,13.02491,0.00,0.00
2014.04.28 06:14:14.995,13.02266,13.02526,0.00,0.00
2014.04.28 06:14:16.804,13.02246,13.02506,0.00,0.00
2014.04.28 06:14:17.466,13.02258,13.02518,0.00,0.00
2014.04.28 06:14:17.906,13.02276,13.02536,0.00,0.00
2014.04.28 06:14:19.039,13.02263,13.02508,0.00,0.00
2014.04.28 06:14:19.873,13.02263,13.02497,0.00,0.00
2014.04.28 06:14:20.035,13.02243,13.02497,0.00,0.00
2014.04.28 06:14:20.203,13.02249,13.02509,0.00,0.00
2014.04.28 06:14:20.539,13.02243,13.02472,0.00,0.00
2014.04.28 06:14:20.590,13.02232,13.02472,0.00,0.00
2014.04.28 06:14:20.690,13.02203,13.02461,0.00,0.00
2014.04.28 06:14:20.754,13.02203,13.02446,0.00,0.00
2014.04.28 06:14:20.978,13.02206,13.02466,0.00,0.00
2014.04.28 06:14:21.150,13.02223,13.02466,0.00,0.00
2014.04.28 06:14:31.204,13.02223,13.02458,0.00,0.00
2014.04.28 06:14:31.255,13.02143,13.02403,0.00,0.00
2014.04.28 06:14:31.356,13.02143,13.02385,0.00,0.00
2014.04.28 06:14:40.789,13.02161,13.02421,0.00,0.00
2014.04.28 06:14:40.839,13.02202,13.02421,0.00,0.00
2014.04.28 06:14:40.899,13.02226,13.02486,0.00,0.00
2014.04.28 06:14:42.003,13.02241,13.02501,0.00,0.00
2014.04.28 06:14:42.364,13.02243,13.02501,0.00,0.00
2014.04.28 06:14:44.905,13.02256,13.02516,0.00,0.00
2014.04.28 06:14:46.717,13.02243,13.02496,0.00,0.00
2014.04.28 06:14:53.694,13.02269,13.02529,0.00,0.00
2014.04.28 06:14:53.895,13.02243,13.02496,0.00,0.00
2014.04.28 06:14:55.446,13.02256,13.02516,0.00,0.00
2014.04.28 06:14:55.864,13.02276,13.02536,0.00,0.00
2014.04.28 06:14:56.193,13.02366,13.02626,0.00,0.00
2014.04.28 06:14:58.188,13.02392,13.02652,0.00,0.00
2014.04.28 06:14:58.547,13.02353,13.0261,0.00,0.00
2014.04.28 06:14:58.826,13.02353,13.02612,0.00,0.00
2014.04.28 06:14:59.521,13.02353,13.02599,0.00,0.00
2014.04.28 06:15:00.279,13.02353,13.02611,0.00,0.00
2014.04.28 06:15:00.588,13.02368,13.02628,0.00,0.00
2014.04.28 06:15:00.789,13.02353,13.02585,0.00,0.00
2014.04.28 06:15:01.006,13.02394,13.02654,0.00,0.00
2014.04.28 06:15:01.159,13.02353,13.02604,0.00,0.00
2014.04.28 06:15:01.259,13.02369,13.02629,0.00,0.00
2014.04.28 06:15:01.360,13.02419,13.02679,0.00,0.00
2014.04.28 06:15:01.775,13.02365,13.02625,0.00,0.00
2014.04.28 06:15:02.126,13.02351,13.02611,0.00,0.00
2014.04.28 06:15:02.430,13.0231,13.0257,0.00,0.00
2014.04.28 06:15:02.839,13.02279,13.02539,0.00,0.00
2014.04.28 06:15:03.149,13.02293,13.02539,0.00,0.00
2014.04.28 06:15:11.316,13.02323,13.02539,0.00,0.00
2014.04.28 06:15:11.366,13.02329,13.02589,0.00,0.00
2014.04.28 06:15:11.471,13.02323,13.02564,0.00,0.00
2014.04.28 06:15:11.673,13.02329,13.02589,0.00,0.00
2014.04.28 06:15:12.966,13.02353,13.02589,0.00,0.00
2014.04.28 06:15:13.019,13.02376,13.02636,0.00,0.00
2014.04.28 06:15:13.126,13.02419,13.02679,0.00,0.00
2014.04.28 06:15:13.441,13.02369,13.02629,0.00,0.00
2014.04.28 06:15:16.505,13.02353,13.02613,0.00,0.00
2014.04.28 06:15:17.960,13.02364,13.02624,0.00,0.00
2014.04.28 06:15:26.410,13.02353,13.02602,0.00,0.00
2014.04.28 06:15:27.179,13.02369,13.02629,0.00,0.00
2014.04.28 06:15:28.097,13.02353,13.02611,0.00,0.00
2014.04.28 06:15:28.309,13.02362,13.02622,0.00,0.00
2014.04.28 06:15:30.727,13.02333,13.0257,0.00,0.00
2014.04.28 06:15:32.677,13.02333,13.02582,0.00,0.00
2014.04.28 06:15:37.636,13.02333,13.02572,0.00,0.00
2014.04.28 06:15:38.736,13.02333,13.02583,0.00,0.00
2014.04.28 06:15:39.476,13.02363,13.02583,0.00,0.00
2014.04.28 06:15:39.526,13.02418,13.02678,0.00,0.00
2014.04.28 06:15:39.640,13.02369,13.02629,0.00,0.00
2014.04.28 06:15:39.942,13.02379,13.02639,0.00,0.00
2014.04.28 06:15:40.246,13.02393,13.02639,0.00,0.00
2014.04.28 06:15:41.846,13.02402,13.02639,0.00,0.00
2014.04.28 06:15:41.897,13.02429,13.02689,0.00,0.00
2014.04.28 06:15:42.220,13.02423,13.02669,0.00,0.00
2014.04.28 06:15:42.305,13.02454,13.02714,0.00,0.00
2014.04.28 06:15:42.414,13.02469,13.02729,0.00,0.00
2014.04.28 06:15:42.944,13.02458,13.02718,0.00,0.00
2014.04.28 06:15:43.915,13.02453,13.02705,0.00,0.00
2014.04.28 06:15:44.125,13.02405,13.02665,0.00,0.00
2014.04.28 06:15:44.175,13.02403,13.0262,0.00,0.00
2014.04.28 06:15:44.355,13.02403,13.02633,0.00,0.00
2014.04.28 06:15:44.557,13.02412,13.02633,0.00,0.00
2014.04.28 06:15:44.608,13.0242,13.0268,0.00,0.00
2014.04.28 06:15:44.658,13.02423,13.0268,0.00,0.00
2014.04.28 06:15:44.708,13.02458,13.02718,0.00,0.00
2014.04.28 06:15:45.480,13.02447,13.02707,0.00,0.00
2014.04.28 06:15:46.469,13.0246,13.0272,0.00,0.00
2014.04.28 06:15:47.394,13.02436,13.02696,0.00,0.00
2014.04.28 06:15:47.704,13.0246,13.0272,0.00,0.00
2014.04.28 06:15:48.054,13.0247,13.0273,0.00,0.00
2014.04.28 06:15:48.356,13.02453,13.02674,0.00,0.00
2014.04.28 06:15:48.507,13.02433,13.02679,0.00,0.00
2014.04.28 06:15:48.608,13.02439,13.02699,0.00,0.00
2014.04.28 06:15:48.831,13.0247,13.0273,0.00,0.00
2014.04.28 06:15:49.339,13.02442,13.02702,0.00,0.00
2014.04.28 06:15:49.693,13.02458,13.02718,0.00,0.00
2014.04.28 06:15:51.523,13.0247,13.0273,0.00,0.00
2014.04.28 06:15:52.037,13.02433,13.02673,0.00,0.00
2014.04.28 06:15:52.087,13.02433,13.02685,0.00,0.00
2014.04.28 06:15:52.340,13.02433,13.02669,0.00,0.00
2014.04.28 06:15:52.391,13.02409,13.02669,0.00,0.00
2014.04.28 06:15:52.650,13.0243,13.0269,0.00,0.00
2014.04.28 06:15:53.052,13.02419,13.02679,0.00,0.00
2014.04.28 06:15:56.187,13.0243,13.0269,0.00,0.00
2014.04.28 06:15:59.721,13.02445,13.02705,0.00,0.00
2014.04.28 06:16:00.050,13.02447,13.02707,0.00,0.00
2014.04.28 06:16:00.603,13.02453,13.02689,0.00,0.00
2014.04.28 06:16:00.933,13.02453,13.027,0.00,0.00
2014.04.28 06:16:01.580,13.02453,13.02678,0.00,0.00
2014.04.28 06:16:01.630,13.02423,13.02678,0.00,0.00
2014.04.28 06:16:03.699,13.02408,13.02668,0.00,0.00
2014.04.28 06:16:03.919,13.02393,13.02621,0.00,0.00
2014.04.28 06:16:04.229,13.02393,13.02633,0.00,0.00
2014.04.28 06:16:04.340,13.02393,13.0262,0.00,0.00
2014.04.28 06:16:04.880,13.02393,13.02632,0.00,0.00
2014.04.28 06:16:05.749,13.02393,13.02645,0.00,0.00
2014.04.28 06:16:05.900,13.02413,13.02645,0.00,0.00
2014.04.28 06:16:06.151,13.02343,13.02599,0.00,0.00
2014.04.28 06:16:06.202,13.02343,13.02576,0.00,0.00
2014.04.28 06:16:06.303,13.0236,13.0262,0.00,0.00
2014.04.28 06:16:06.518,13.02372,13.02632,0.00,0.00
2014.04.28 06:16:06.822,13.02353,13.02613,0.00,0.00
2014.04.28 06:16:07.125,13.02378,13.02638,0.00,0.00
2014.04.28 06:16:07.439,13.02353,13.02613,0.00,0.00
2014.04.28 06:16:07.768,13.02365,13.02625,0.00,0.00
2014.04.28 06:16:08.272,13.02352,13.02612,0.00,0.00
2014.04.28 06:16:08.589,13.0233,13.0259,0.00,0.00
2014.04.28 06:16:10.962,13.02353,13.0259,0.00,0.00
2014.04.28 06:16:14.035,13.0243,13.0269,0.00,0.00
2014.04.28 06:16:14.374,13.02423,13.02665,0.00,0.00
2014.04.28 06:16:14.475,13.02393,13.02643,0.00,0.00
2014.04.28 06:16:14.778,13.02393,13.0262,0.00,0.00
2014.04.28 06:16:14.886,13.02393,13.02634,0.00,0.00
2014.04.28 06:16:16.101,13.02393,13.02621,0.00,0.00
2014.04.28 06:16:17.417,13.02393,13.02645,0.00,0.00
2014.04.28 06:16:17.518,13.02405,13.02665,0.00,0.00
2014.04.28 06:16:17.619,13.02393,13.0264,0.00,0.00
2014.04.28 06:16:17.726,13.02405,13.02665,0.00,0.00
2014.04.28 06:16:17.945,13.02393,13.02653,0.00,0.00
2014.04.28 06:16:18.503,13.02393,13.02603,0.00,0.00
2014.04.28 06:16:18.554,13.02363,13.02603,0.00,0.00
2014.04.28 06:16:18.605,13.02363,13.02583,0.00,0.00
2014.04.28 06:16:18.757,13.02363,13.026,0.00,0.00
2014.04.28 06:16:18.952,13.02363,13.02576,0.00,0.00
2014.04.28 06:16:19.516,13.02363,13.02587,0.00,0.00
2014.04.28 06:16:21.425,13.02363,13.02575,0.00,0.00
2014.04.28 06:16:22.814,13.02363,13.02587,0.00,0.00
2014.04.28 06:16:22.970,13.02363,13.02575,0.00,0.00
2014.04.28 06:16:23.145,13.0237,13.0263,0.00,0.00
2014.04.28 06:16:24.674,13.02363,13.02619,0.00,0.00
2014.04.28 06:16:27.833,13.02363,13.02608,0.00,0.00
2014.04.28 06:16:29.397,13.02363,13.0262,0.00,0.00
2014.04.28 06:16:29.913,13.02385,13.02645,0.00,0.00
2014.04.28 06:16:29.965,13.0239,13.02645,0.00,0.00
2014.04.28 06:16:30.065,13.02427,13.02687,0.00,0.00
2014.04.28 06:16:30.273,13.02403,13.02663,0.00,0.00
2014.04.28 06:16:30.665,13.02415,13.02675,0.00,0.00
2014.04.28 06:16:30.996,13.02427,13.02687,0.00,0.00
2014.04.28 06:16:32.203,13.02403,13.02663,0.00,0.00
2014.04.28 06:16:32.647,13.02428,13.02688,0.00,0.00
2014.04.28 06:16:33.874,13.02462,13.02688,0.00,0.00
2014.04.28 06:16:33.995,13.02473,13.0272,0.00,0.00
2014.04.28 06:16:34.096,13.02475,13.02735,0.00,0.00
2014.04.28 06:16:34.182,13.02473,13.02717,0.00,0.00
2014.04.28 06:16:34.333,13.0248,13.0274,0.00,0.00
2014.04.28 06:16:34.684,13.02492,13.0274,0.00,0.00
2014.04.28 06:16:36.503,13.02503,13.0274,0.00,0.00
2014.04.28 06:16:36.609,13.02505,13.02765,0.00,0.00
2014.04.28 06:16:36.709,13.02503,13.02753,0.00,0.00
2014.04.28 06:16:36.812,13.02503,13.02755,0.00,0.00
2014.04.28 06:16:38.071,13.02503,13.02741,0.00,0.00
2014.04.28 06:16:38.838,13.02503,13.02753,0.00,0.00
2014.04.28 06:16:39.150,13.02503,13.02758,0.00,0.00
2014.04.28 06:16:39.301,13.02526,13.02786,0.00,0.00
2014.04.28 06:16:40.277,13.02503,13.02761,0.00,0.00
2014.04.28 06:16:41.559,13.02512,13.02772,0.00,0.00
2014.04.28 06:16:41.710,13.02503,13.0276,0.00,0.00
2014.04.28 06:16:43.297,13.02512,13.02772,0.00,0.00
2014.04.28 06:16:45.243,13.02503,13.02759,0.00,0.00
2014.04.28 06:16:45.852,13.02503,13.02739,0.00,0.00
2014.04.28 06:16:46.319,13.02503,13.02728,0.00,0.00
2014.04.28 06:16:46.420,13.02483,13.02728,0.00,0.00
2014.04.28 06:16:46.585,13.02483,13.02739,0.00,0.00
2014.04.28 06:16:46.776,13.02483,13.02727,0.00,0.00
2014.04.28 06:16:46.892,13.02483,13.02739,0.00,0.00
2014.04.28 06:16:47.885,13.02483,13.02706,0.00,0.00
2014.04.28 06:16:47.936,13.02463,13.02706,0.00,0.00
2014.04.28 06:16:48.069,13.02463,13.02695,0.00,0.00
2014.04.28 06:16:48.488,13.02463,13.02705,0.00,0.00
2014.04.28 06:16:48.599,13.02463,13.02717,0.00,0.00
2014.04.28 06:16:48.964,13.02463,13.02705,0.00,0.00
2014.04.28 06:16:50.582,13.02463,13.02693,0.00,0.00
2014.04.28 06:16:52.172,13.02463,13.02717,0.00,0.00
2014.04.28 06:16:52.504,13.02469,13.02729,0.00,0.00
2014.04.28 06:16:53.029,13.0248,13.0274,0.00,0.00
2014.04.28 06:16:53.593,13.02463,13.02707,0.00,0.00
2014.04.28 06:16:53.722,13.02463,13.02718,0.00,0.00
2014.04.28 06:16:53.823,13.02463,13.02705,0.00,0.00
2014.04.28 06:16:54.126,13.02463,13.02717,0.00,0.00
2014.04.28 06:16:56.877,13.02463,13.02672,0.00,0.00
2014.04.28 06:16:56.980,13.02433,13.02672,0.00,0.00
2014.04.28 06:16:57.504,13.02433,13.02636,0.00,0.00
2014.04.28 06:16:57.735,13.02433,13.0264,0.00,0.00
2014.04.28 06:16:57.826,13.02433,13.02616,0.00,0.00
2014.04.28 06:16:58.276,13.02393,13.02628,0.00,0.00
2014.04.28 06:16:58.411,13.02393,13.02615,0.00,0.00
2014.04.28 06:16:59.136,13.02393,13.02627,0.00,0.00
2014.04.28 06:17:00.705,13.02393,13.02572,0.00,0.00
2014.04.28 06:17:00.756,13.02343,13.02572,0.00,0.00
2014.04.28 06:17:01.135,13.02343,13.02567,0.00,0.00
2014.04.28 06:17:01.236,13.02313,13.02555,0.00,0.00
2014.04.28 06:17:01.445,13.02313,13.02567,0.00,0.00
2014.04.28 06:17:02.224,13.02333,13.0259,0.00,0.00
2014.04.28 06:17:04.157,13.02333,13.02571,0.00,0.00
2014.04.28 06:17:04.474,13.02333,13.0259,0.00,0.00
2014.04.28 06:17:07.194,13.02333,13.02576,0.00,0.00
2014.04.28 06:17:08.823,13.02333,13.0259,0.00,0.00
2014.04.28 06:17:09.703,13.02333,13.02571,0.00,0.00
2014.04.28 06:17:13.132,13.02333,13.0259,0.00,0.00
2014.04.28 06:17:13.672,13.02345,13.02605,0.00,0.00
2014.04.28 06:17:13.723,13.02382,13.02605,0.00,0.00
2014.04.28 06:17:13.823,13.02403,13.0264,0.00,0.00
2014.04.28 06:17:14.433,13.02405,13.02665,0.00,0.00
2014.04.28 06:17:14.584,13.02403,13.02639,0.00,0.00
2014.04.28 06:17:15.334,13.02403,13.0265,0.00,0.00
2014.04.28 06:17:15.385,13.02433,13.0265,0.00,0.00
2014.04.28 06:17:15.436,13.02475,13.02735,0.00,0.00
2014.04.28 06:17:16.732,13.02473,13.02726,0.00,0.00
2014.04.28 06:17:17.388,13.02492,13.02726,0.00,0.00
2014.04.28 06:17:17.451,13.02492,13.0274,0.00,0.00
2014.04.28 06:17:17.502,13.02503,13.0274,0.00,0.00
2014.04.28 06:17:17.603,13.02502,13.02755,0.00,0.00
2014.04.28 06:17:17.671,13.0253,13.0279,0.00,0.00
2014.04.28 06:17:19.763,13.02526,13.02786,0.00,0.00
2014.04.28 06:17:20.178,13.02535,13.02795,0.00,0.00
2014.04.28 06:17:21.140,13.02523,13.02774,0.00,0.00
2014.04.28 06:17:22.921,13.0255,13.0281,0.00,0.00
2014.04.28 06:17:22.974,13.02553,13.0281,0.00,0.00
2014.04.28 06:17:24.018,13.02553,13.02791,0.00,0.00
2014.04.28 06:17:24.123,13.02503,13.02752,0.00,0.00
2014.04.28 06:17:25.393,13.02502,13.02752,0.00,0.00
2014.04.28 06:17:25.444,13.02492,13.02752,0.00,0.00
2014.04.28 06:17:25.544,13.02483,13.02728,0.00,0.00
2014.04.28 06:17:25.646,13.02483,13.0274,0.00,0.00
2014.04.28 06:17:25.719,13.02483,13.02728,0.00,0.00
2014.04.28 06:17:25.842,13.02483,13.0274,0.00,0.00
2014.04.28 06:17:26.269,13.02483,13.02697,0.00,0.00
2014.04.28 06:17:26.319,13.02437,13.02697,0.00,0.00
2014.04.28 06:17:26.379,13.02423,13.02658,0.00,0.00
2014.04.28 06:17:27.163,13.02423,13.0267,0.00,0.00
2014.04.28 06:17:27.818,13.02423,13.02653,0.00,0.00
2014.04.28 06:17:28.389,13.02403,13.02635,0.00,0.00
2014.04.28 06:17:28.490,13.02403,13.0262,0.00,0.00
2014.04.28 06:17:28.596,13.02373,13.02631,0.00,0.00
2014.04.28 06:17:29.143,13.02393,13.02619,0.00,0.00
2014.04.28 06:17:29.293,13.02363,13.02607,0.00,0.00
2014.04.28 06:17:31.508,13.02363,13.02618,0.00,0.00
2014.04.28 06:17:32.385,13.0237,13.0263,0.00,0.00
2014.04.28 06:17:32.436,13.02383,13.0263,0.00,0.00
2014.04.28 06:17:33.787,13.02383,13.02614,0.00,0.00
2014.04.28 06:17:33.997,13.02383,13.02625,0.00,0.00
2014.04.28 06:17:35.134,13.02383,13.0259,0.00,0.00
2014.04.28 06:17:35.185,13.02353,13.0259,0.00,0.00
2014.04.28 06:17:35.235,13.02353,13.0257,0.00,0.00
2014.04.28 06:17:35.636,13.02353,13.02581,0.00,0.00
2014.04.28 06:17:35.872,13.02353,13.02568,0.00,0.00
2014.04.28 06:17:36.177,13.02333,13.02568,0.00,0.00
2014.04.28 06:17:36.953,13.0237,13.02568,0.00,0.00
2014.04.28 06:17:37.201,13.0237,13.0259,0.00,0.00
2014.04.28 06:17:40.453,13.0237,13.02568,0.00,0.00
2014.04.28 06:17:40.626,13.0237,13.0258,0.00,0.00
2014.04.28 06:17:41.953,13.0237,13.02568,0.00,0.00
2014.04.28 06:17:42.159,13.0237,13.0259,0.00,0.00
2014.04.28 06:17:45.316,13.0237,13.02615,0.00,0.00
2014.04.28 06:17:45.366,13.02442,13.02615,0.00,0.00
2014.04.28 06:17:45.467,13.02465,13.02725,0.00,0.00
2014.04.28 06:17:45.535,13.02476,13.02736,0.00,0.00
2014.04.28 06:17:45.874,13.0247,13.02701,0.00,0.00
2014.04.28 06:17:46.256,13.0247,13.02689,0.00,0.00
2014.04.28 06:17:46.734,13.0247,13.02706,0.00,0.00
2014.04.28 06:17:46.843,13.0247,13.02723,0.00,0.00
2014.04.28 06:17:46.994,13.0247,13.02699,0.00,0.00
2014.04.28 06:17:47.831,13.0247,13.02724,0.00,0.00
2014.04.28 06:17:48.135,13.0247,13.027,0.00,0.00
2014.04.28 06:17:48.289,13.0247,13.02725,0.00,0.00
2014.04.28 06:17:48.993,13.0247,13.02701,0.00,0.00
2014.04.28 06:17:49.044,13.02441,13.02701,0.00,0.00
2014.04.28 06:17:49.105,13.0242,13.02637,0.00,0.00
2014.04.28 06:17:49.372,13.0242,13.0264,0.00,0.00
2014.04.28 06:17:49.574,13.0242,13.02617,0.00,0.00
2014.04.28 06:17:50.083,13.0244,13.027,0.00,0.00
2014.04.28 06:17:50.640,13.0242,13.0264,0.00,0.00
2014.04.28 06:17:51.653,13.0247,13.0264,0.00,0.00
2014.04.28 06:17:51.704,13.0247,13.02685,0.00,0.00
2014.04.28 06:17:51.805,13.02499,13.02759,0.00,0.00
2014.04.28 06:17:52.022,13.0247,13.02694,0.00,0.00
2014.04.28 06:17:52.275,13.0247,13.02714,0.00,0.00
2014.04.28 06:17:52.352,13.0247,13.02673,0.00,0.00
2014.04.28 06:17:52.464,13.02478,13.02738,0.00,0.00
2014.04.28 06:17:52.992,13.0247,13.02714,0.00,0.00
2014.04.28 06:17:53.241,13.0247,13.02726,0.00,0.00
2014.04.28 06:17:54.010,13.0256,13.02733,0.00,0.00
2014.04.28 06:17:54.083,13.0256,13.02752,0.00,0.00
2014.04.28 06:17:54.234,13.0256,13.02757,0.00,0.00
2014.04.28 06:17:54.302,13.0256,13.02781,0.00,0.00
2014.04.28 06:17:54.412,13.0256,13.02741,0.00,0.00
2014.04.28 06:17:54.563,13.0256,13.0278,0.00,0.00
2014.04.28 06:17:56.472,13.0256,13.02769,0.00,0.00
2014.04.28 06:18:00.475,13.0252,13.02754,0.00,0.00
2014.04.28 06:18:00.581,13.0252,13.02692,0.00,0.00
2014.04.28 06:18:00.791,13.0247,13.02675,0.00,0.00
2014.04.28 06:18:00.934,13.0248,13.0274,0.00,0.00
2014.04.28 06:18:01.021,13.0247,13.02729,0.00,0.00
2014.04.28 06:18:01.601,13.0247,13.02716,0.00,0.00
2014.04.28 06:18:02.758,13.0247,13.0273,0.00,0.00
2014.04.28 06:18:02.860,13.02487,13.02747,0.00,0.00
2014.04.28 06:18:03.190,13.02532,13.02792,0.00,0.00
2014.04.28 06:18:03.504,13.0256,13.02792,0.00,0.00
2014.04.28 06:18:04.183,13.0256,13.02774,0.00,0.00
2014.04.28 06:18:04.633,13.02523,13.02774,0.00,0.00
2014.04.28 06:18:04.734,13.0252,13.02752,0.00,0.00
2014.04.28 06:18:05.084,13.0252,13.02708,0.00,0.00
2014.04.28 06:18:05.171,13.0252,13.02733,0.00,0.00
2014.04.28 06:18:05.405,13.0252,13.0272,0.00,0.00
2014.04.28 06:18:08.218,13.0252,13.02734,0.00,0.00
2014.04.28 06:18:08.269,13.0256,13.02734,0.00,0.00
2014.04.28 06:18:08.520,13.0252,13.02711,0.00,0.00
2014.04.28 06:18:08.649,13.0252,13.02778,0.00,0.00
2014.04.28 06:18:08.874,13.0252,13.02711,0.00,0.00
2014.04.28 06:18:09.446,13.0252,13.02724,0.00,0.00
2014.04.28 06:18:12.043,13.02472,13.02704,0.00,0.00
2014.04.28 06:18:12.101,13.0247,13.02704,0.00,0.00
2014.04.28 06:18:12.151,13.0247,13.02672,0.00,0.00
2014.04.28 06:18:12.676,13.0247,13.02671,0.00,0.00
2014.04.28 06:18:16.078,13.0247,13.02695,0.00,0.00
2014.04.28 06:18:18.803,13.0247,13.02672,0.00,0.00
2014.04.28 06:18:20.435,13.0247,13.02684,0.00,0.00
2014.04.28 06:18:21.095,13.0247,13.02695,0.00,0.00
2014.04.28 06:18:24.025,13.0247,13.02678,0.00,0.00
2014.04.28 06:18:28.582,13.0247,13.02658,0.00,0.00
2014.04.28 06:18:28.633,13.02446,13.02658,0.00,0.00
2014.04.28 06:18:28.793,13.02445,13.02705,0.00,0.00
2014.04.28 06:18:28.844,13.02447,13.02707,0.00,0.00
2014.04.28 06:18:29.152,13.0242,13.0264,0.00,0.00
2014.04.28 06:18:34.372,13.0242,13.02601,0.00,0.00
2014.04.28 06:18:34.423,13.02383,13.02601,0.00,0.00
2014.04.28 06:18:34.524,13.02383,13.02591,0.00,0.00
2014.04.28 06:18:34.574,13.0237,13.02591,0.00,0.00
2014.04.28 06:18:34.625,13.0237,13.02625,0.00,0.00
2014.04.28 06:18:34.850,13.0237,13.026,0.00,0.00
2014.04.28 06:18:40.302,13.0239,13.0265,0.00,0.00
2014.04.28 06:18:40.455,13.0237,13.026,0.00,0.00
2014.04.28 06:18:41.115,13.0237,13.02582,0.00,0.00
2014.04.28 06:18:41.215,13.0237,13.0262,0.00,0.00
2014.04.28 06:18:41.511,13.02389,13.02649,0.00,0.00
2014.04.28 06:18:41.876,13.0237,13.026,0.00,0.00
2014.04.28 06:18:43.330,13.0237,13.02579,0.00,0.00
2014.04.28 06:18:43.550,13.0237,13.02615,0.00,0.00
2014.04.28 06:18:43.604,13.0242,13.02615,0.00,0.00
2014.04.28 06:18:43.707,13.0242,13.02639,0.00,0.00
2014.04.28 06:18:43.990,13.0242,13.02615,0.00,0.00
2014.04.28 06:18:44.141,13.0242,13.0264,0.00,0.00
2014.04.28 06:18:44.872,13.0242,13.02575,0.00,0.00
2014.04.28 06:18:44.923,13.0237,13.02575,0.00,0.00
2014.04.28 06:18:44.981,13.0237,13.02614,0.00,0.00
2014.04.28 06:18:45.090,13.0237,13.02595,0.00,0.00
2014.04.28 06:18:45.643,13.0237,13.02584,0.00,0.00
2014.04.28 06:18:46.211,13.0237,13.02595,0.00,0.00
2014.04.28 06:18:46.848,13.0237,13.02584,0.00,0.00
2014.04.28 06:18:50.841,13.0237,13.02604,0.00,0.00
2014.04.28 06:18:50.953,13.0237,13.02625,0.00,0.00
2014.04.28 06:18:51.060,13.0237,13.02595,0.00,0.00
2014.04.28 06:18:51.400,13.0237,13.02583,0.00,0.00
2014.04.28 06:18:52.267,13.0237,13.02581,0.00,0.00
2014.04.28 06:18:53.999,13.0237,13.02568,0.00,0.00
2014.04.28 06:18:54.375,13.0237,13.02604,0.00,0.00
2014.04.28 06:18:54.550,13.02385,13.02645,0.00,0.00
2014.04.28 06:18:54.601,13.02423,13.02645,0.00,0.00
2014.04.28 06:18:54.657,13.02428,13.02658,0.00,0.00
2014.04.28 06:18:54.772,13.0247,13.02688,0.00,0.00
2014.04.28 06:18:54.877,13.0247,13.02699,0.00,0.00
2014.04.28 06:18:55.208,13.0247,13.02714,0.00,0.00
2014.04.28 06:18:55.426,13.0247,13.02702,0.00,0.00
2014.04.28 06:18:56.736,13.0247,13.02685,0.00,0.00
2014.04.28 06:18:57.249,13.0247,13.02671,0.00,0.00
2014.04.28 06:18:57.397,13.0247,13.02683,0.00,0.00
2014.04.28 06:18:57.836,13.0247,13.02695,0.00,0.00
2014.04.28 06:18:58.289,13.0247,13.02683,0.00,0.00
2014.04.28 06:18:59.702,13.0243,13.02683,0.00,0.00
2014.04.28 06:19:02.679,13.02423,13.02683,0.00,0.00
2014.04.28 06:19:02.780,13.02389,13.02649,0.00,0.00
2014.04.28 06:19:03.094,13.02373,13.02619,0.00,0.00
2014.04.28 06:19:03.525,13.02373,13.02598,0.00,0.00
2014.04.28 06:19:03.850,13.02373,13.02583,0.00,0.00
2014.04.28 06:19:04.071,13.02353,13.02595,0.00,0.00
2014.04.28 06:19:04.274,13.02353,13.02575,0.00,0.00
2014.04.28 06:19:05.014,13.02353,13.02587,0.00,0.00
2014.04.28 06:19:06.880,13.02353,13.026,0.00,0.00
2014.04.28 06:19:07.066,13.0236,13.0262,0.00,0.00
2014.04.28 06:19:07.644,13.02353,13.02604,0.00,0.00
2014.04.28 06:19:11.762,13.02353,13.02578,0.00,0.00
2014.04.28 06:19:11.873,13.02353,13.02594,0.00,0.00
2014.04.28 06:19:12.029,13.02353,13.02575,0.00,0.00
2014.04.28 06:19:12.093,13.02353,13.02595,0.00,0.00
2014.04.28 06:19:14.372,13.02353,13.02572,0.00,0.00
2014.04.28 06:19:15.601,13.0233,13.02572,0.00,0.00
2014.04.28 06:19:15.903,13.0233,13.02582,0.00,0.00
2014.04.28 06:19:17.311,13.0233,13.02567,0.00,0.00
2014.04.28 06:19:17.643,13.0226,13.0252,0.00,0.00
2014.04.28 06:19:17.794,13.0224,13.02496,0.00,0.00
2014.04.28 06:19:18.017,13.02258,13.02518,0.00,0.00
2014.04.28 06:19:18.117,13.0224,13.02482,0.00,0.00
2014.04.28 06:19:18.425,13.0224,13.02494,0.00,0.00
2014.04.28 06:19:19.471,13.02245,13.02505,0.00,0.00
2014.04.28 06:19:19.572,13.02253,13.02505,0.00,0.00
2014.04.28 06:19:19.622,13.0227,13.0253,0.00,0.00
2014.04.28 06:19:25.670,13.02253,13.02512,0.00,0.00
2014.04.28 06:19:27.732,13.02253,13.02479,0.00,0.00
2014.04.28 06:19:27.811,13.0224,13.02479,0.00,0.00
2014.04.28 06:19:29.148,13.0224,13.0249,0.00,0.00
2014.04.28 06:19:31.492,13.0224,13.02448,0.00,0.00
2014.04.28 06:19:31.543,13.02188,13.02448,0.00,0.00
2014.04.28 06:19:31.593,13.0218,13.02435,0.00,0.00
2014.04.28 06:19:31.694,13.02205,13.02465,0.00,0.00
2014.04.28 06:19:31.745,13.0224,13.02465,0.00,0.00
2014.04.28 06:19:32.209,13.0224,13.0245,0.00,0.00
2014.04.28 06:19:33.515,13.02193,13.0245,0.00,0.00
2014.04.28 06:19:33.616,13.02205,13.02465,0.00,0.00
2014.04.28 06:19:33.733,13.0224,13.02435,0.00,0.00
2014.04.28 06:19:33.840,13.0224,13.02463,0.00,0.00
2014.04.28 06:19:34.284,13.02193,13.02449,0.00,0.00
2014.04.28 06:19:34.741,13.02193,13.02428,0.00,0.00
2014.04.28 06:19:35.044,13.02193,13.0244,0.00,0.00
2014.04.28 06:19:38.275,13.02193,13.02428,0.00,0.00
2014.04.28 06:19:39.816,13.02193,13.0244,0.00,0.00
2014.04.28 06:19:47.090,13.0218,13.0244,0.00,0.00
2014.04.28 06:19:54.325,13.02182,13.0244,0.00,0.00
2014.04.28 06:19:54.604,13.0221,13.0247,0.00,0.00
2014.04.28 06:19:55.394,13.0223,13.0249,0.00,0.00
2014.04.28 06:19:59.460,13.02202,13.02462,0.00,0.00
2014.04.28 06:20:01.194,13.02215,13.02475,0.00,0.00
2014.04.28 06:20:01.637,13.0223,13.0249,0.00,0.00
2014.04.28 06:20:03.842,13.02211,13.02471,0.00,0.00
2014.04.28 06:20:04.143,13.0223,13.0249,0.00,0.00
2014.04.28 06:20:05.038,13.02203,13.02459,0.00,0.00
2014.04.28 06:20:07.068,13.02203,13.0244,0.00,0.00
2014.04.28 06:20:14.987,13.02205,13.02465,0.00,0.00
2014.04.28 06:20:25.691,13.0223,13.0249,0.00,0.00
2014.04.28 06:20:28.921,13.02233,13.0249,0.00,0.00
2014.04.28 06:20:29.072,13.02325,13.02585,0.00,0.00
2014.04.28 06:20:34.313,13.02313,13.02562,0.00,0.00
2014.04.28 06:20:34.652,13.02249,13.02509,0.00,0.00
2014.04.28 06:20:34.753,13.0226,13.0252,0.00,0.00
2014.04.28 06:20:35.121,13.02258,13.02518,0.00,0.00
2014.04.28 06:20:40.074,13.02246,13.02506,0.00,0.00
2014.04.28 06:20:40.631,13.02243,13.02491,0.00,0.00
2014.04.28 06:20:42.031,13.02231,13.02491,0.00,0.00
2014.04.28 06:20:42.081,13.02171,13.02431,0.00,0.00
2014.04.28 06:20:42.520,13.02183,13.02436,0.00,0.00
2014.04.28 06:20:54.379,13.02202,13.02436,0.00,0.00
2014.04.28 06:20:54.540,13.02213,13.02465,0.00,0.00
2014.04.28 06:20:54.978,13.02225,13.02485,0.00,0.00
2014.04.28 06:20:55.133,13.02255,13.02515,0.00,0.00
2014.04.28 06:20:55.463,13.02244,13.02504,0.00,0.00
2014.04.28 06:20:55.792,13.02229,13.02489,0.00,0.00
2014.04.28 06:20:56.171,13.02233,13.02489,0.00,0.00
2014.04.28 06:20:56.950,13.02229,13.02489,0.00,0.00
2014.04.28 06:20:57.001,13.02195,13.02455,0.00,0.00
2014.04.28 06:20:57.444,13.02193,13.02436,0.00,0.00
2014.04.28 06:20:58.280,13.02202,13.0245,0.00,0.00
2014.04.28 06:20:58.349,13.02223,13.0245,0.00,0.00
2014.04.28 06:20:58.400,13.0223,13.0249,0.00,0.00
2014.04.28 06:21:00.136,13.02223,13.02463,0.00,0.00
2014.04.28 06:21:01.455,13.0224,13.025,0.00,0.00
2014.04.28 06:21:06.994,13.02281,13.02541,0.00,0.00
2014.04.28 06:21:08.438,13.02293,13.02553,0.00,0.00
2014.04.28 06:21:13.413,13.0228,13.0254,0.00,0.00
2014.04.28 06:21:13.730,13.02254,13.025,0.00,0.00
2014.04.28 06:21:13.789,13.02193,13.0244,0.00,0.00
2014.04.28 06:21:13.852,13.02278,13.025,0.00,0.00
2014.04.28 06:21:14.002,13.02193,13.0244,0.00,0.00
2014.04.28 06:21:16.819,13.02202,13.0244,0.00,0.00
2014.04.28 06:21:16.920,13.02292,13.02552,0.00,0.00
2014.04.28 06:21:17.021,13.0226,13.0252,0.00,0.00
2014.04.28 06:21:22.389,13.02258,13.02518,0.00,0.00
2014.04.28 06:21:22.835,13.0222,13.0248,0.00,0.00
2014.04.28 06:21:23.139,13.02253,13.0245,0.00,0.00
2014.04.28 06:21:23.290,13.02163,13.0242,0.00,0.00
2014.04.28 06:21:23.396,13.02253,13.0245,0.00,0.00
2014.04.28 06:21:23.627,13.02278,13.025,0.00,0.00
2014.04.28 06:21:23.828,13.02213,13.02459,0.00,0.00
2014.04.28 06:21:24.150,13.02253,13.025,0.00,0.00
2014.04.28 06:21:24.355,13.02253,13.02513,0.00,0.00
2014.04.28 06:21:24.405,13.02292,13.0251,0.00,0.00
2014.04.28 06:21:24.506,13.02313,13.0256,0.00,0.00
2014.04.28 06:21:24.606,13.02315,13.02575,0.00,0.00
2014.04.28 06:21:24.812,13.0233,13.0259,0.00,0.00
2014.04.28 06:21:27.220,13.02332,13.0259,0.00,0.00
2014.04.28 06:21:27.329,13.02345,13.02605,0.00,0.00
2014.04.28 06:21:27.472,13.0236,13.0262,0.00,0.00
2014.04.28 06:21:36.919,13.0238,13.0264,0.00,0.00
2014.04.28 06:21:37.220,13.02413,13.0264,0.00,0.00
2014.04.28 06:21:37.493,13.02413,13.02665,0.00,0.00
2014.04.28 06:21:39.525,13.02413,13.02636,0.00,0.00
2014.04.28 06:21:40.156,13.02413,13.02665,0.00,0.00
2014.04.28 06:21:40.385,13.02413,13.02637,0.00,0.00
2014.04.28 06:21:43.187,13.02413,13.02626,0.00,0.00
2014.04.28 06:21:43.237,13.02383,13.02626,0.00,0.00
2014.04.28 06:21:44.091,13.02395,13.02655,0.00,0.00
2014.04.28 06:21:44.192,13.02383,13.0264,0.00,0.00
2014.04.28 06:21:50.250,13.02402,13.0264,0.00,0.00
2014.04.28 06:21:50.351,13.0243,13.0269,0.00,0.00
2014.04.28 06:21:50.494,13.02413,13.02673,0.00,0.00
2014.04.28 06:21:50.836,13.0243,13.0269,0.00,0.00
2014.04.28 06:21:52.468,13.02433,13.0269,0.00,0.00
2014.04.28 06:21:54.201,13.02462,13.0269,0.00,0.00
2014.04.28 06:21:54.302,13.02483,13.0274,0.00,0.00
2014.04.28 06:21:54.403,13.02483,13.0272,0.00,0.00
2014.04.28 06:21:54.453,13.02463,13.0272,0.00,0.00
2014.04.28 06:21:54.504,13.02463,13.02681,0.00,0.00
2014.04.28 06:21:54.701,13.02463,13.02695,0.00,0.00
2014.04.28 06:21:54.811,13.02463,13.02681,0.00,0.00
2014.04.28 06:21:54.954,13.02463,13.02695,0.00,0.00
2014.04.28 06:21:56.955,13.02463,13.02705,0.00,0.00
2014.04.28 06:21:57.106,13.02463,13.0272,0.00,0.00
2014.04.28 06:21:57.641,13.02463,13.02683,0.00,0.00
2014.04.28 06:21:57.924,13.02463,13.02695,0.00,0.00
2014.04.28 06:21:58.257,13.02463,13.02683,0.00,0.00
2014.04.28 06:22:03.270,13.02463,13.02696,0.00,0.00
2014.04.28 06:22:03.529,13.02481,13.02741,0.00,0.00
2014.04.28 06:22:04.139,13.02463,13.02723,0.00,0.00
2014.04.28 06:22:04.789,13.02474,13.02734,0.00,0.00
2014.04.28 06:22:06.548,13.02483,13.02734,0.00,0.00
2014.04.28 06:22:06.599,13.02483,13.02741,0.00,0.00
2014.04.28 06:22:06.769,13.02483,13.02721,0.00,0.00
2014.04.28 06:22:06.992,13.02483,13.02741,0.00,0.00
2014.04.28 06:22:07.949,13.02483,13.02721,0.00,0.00
2014.04.28 06:22:08.297,13.02483,13.02701,0.00,0.00
2014.04.28 06:22:08.348,13.02453,13.02701,0.00,0.00
2014.04.28 06:22:08.639,13.02481,13.02741,0.00,0.00
2014.04.28 06:22:08.929,13.02453,13.02675,0.00,0.00
2014.04.28 06:22:09.249,13.02453,13.02691,0.00,0.00
2014.04.28 06:22:10.979,13.02453,13.02675,0.00,0.00
2014.04.28 06:22:12.928,13.02415,13.02675,0.00,0.00
2014.04.28 06:22:18.436,13.02446,13.02706,0.00,0.00
2014.04.28 06:22:18.742,13.025,13.0276,0.00,0.00
2014.04.28 06:22:19.047,13.02522,13.02782,0.00,0.00
2014.04.28 06:22:19.438,13.02513,13.02772,0.00,0.00
2014.04.28 06:22:19.639,13.02497,13.02757,0.00,0.00
2014.04.28 06:22:19.689,13.02475,13.02735,0.00,0.00
2014.04.28 06:22:19.999,13.0248,13.0274,0.00,0.00
2014.04.28 06:22:20.329,13.02475,13.02735,0.00,0.00
2014.04.28 06:22:20.635,13.025,13.0276,0.00,0.00
2014.04.28 06:22:20.992,13.02488,13.02748,0.00,0.00
2014.04.28 06:22:21.946,13.025,13.0276,0.00,0.00
2014.04.28 06:22:22.310,13.02476,13.02736,0.00,0.00
2014.04.28 06:22:22.827,13.02474,13.02734,0.00,0.00
2014.04.28 06:22:23.220,13.02459,13.02719,0.00,0.00
2014.04.28 06:22:23.630,13.02453,13.02691,0.00,0.00
2014.04.28 06:22:24.671,13.02453,13.02677,0.00,0.00
2014.04.28 06:22:30.282,13.02453,13.02691,0.00,0.00
2014.04.28 06:22:32.475,13.02453,13.02678,0.00,0.00
2014.04.28 06:22:32.525,13.02423,13.02678,0.00,0.00
2014.04.28 06:22:34.292,13.0243,13.0269,0.00,0.00
2014.04.28 06:22:36.782,13.02423,13.02679,0.00,0.00
2014.04.28 06:22:37.771,13.02431,13.02691,0.00,0.00
2014.04.28 06:22:38.542,13.02423,13.02678,0.00,0.00
2014.04.28 06:22:41.530,13.02418,13.02678,0.00,0.00
2014.04.28 06:22:42.741,13.02431,13.02691,0.00,0.00
2014.04.28 06:22:43.073,13.02412,13.02672,0.00,0.00
2014.04.28 06:22:43.399,13.02424,13.02684,0.00,0.00
2014.04.28 06:22:44.308,13.02436,13.02696,0.00,0.00
2014.04.28 06:22:44.610,13.02416,13.02676,0.00,0.00
2014.04.28 06:22:45.496,13.02393,13.02634,0.00,0.00
2014.04.28 06:22:46.666,13.02393,13.02646,0.00,0.00
2014.04.28 06:22:46.769,13.02431,13.0265,0.00,0.00
2014.04.28 06:22:46.819,13.02431,13.02691,0.00,0.00
2014.04.28 06:22:46.978,13.02402,13.02652,0.00,0.00
2014.04.28 06:22:47.130,13.02413,13.02672,0.00,0.00
2014.04.28 06:22:47.198,13.02413,13.02635,0.00,0.00
2014.04.28 06:22:48.140,13.02393,13.02635,0.00,0.00
2014.04.28 06:22:50.467,13.02393,13.02646,0.00,0.00
2014.04.28 06:22:50.568,13.02404,13.02664,0.00,0.00
2014.04.28 06:22:50.669,13.02413,13.02664,0.00,0.00
2014.04.28 06:22:50.719,13.02431,13.02691,0.00,0.00
2014.04.28 06:22:51.052,13.02414,13.02674,0.00,0.00
2014.04.28 06:22:51.547,13.02413,13.02634,0.00,0.00
2014.04.28 06:23:03.447,13.02383,13.02634,0.00,0.00
2014.04.28 06:23:08.776,13.02431,13.02691,0.00,0.00
2014.04.28 06:23:08.883,13.02406,13.02666,0.00,0.00
2014.04.28 06:23:09.191,13.02431,13.02691,0.00,0.00
2014.04.28 06:23:09.518,13.02417,13.02677,0.00,0.00
2014.04.28 06:23:10.097,13.02403,13.02638,0.00,0.00
2014.04.28 06:23:10.609,13.02383,13.02638,0.00,0.00
2014.04.28 06:23:13.530,13.02412,13.02638,0.00,0.00
2014.04.28 06:23:13.581,13.02423,13.02666,0.00,0.00
2014.04.28 06:23:13.681,13.02481,13.02741,0.00,0.00
2014.04.28 06:23:13.908,13.02423,13.02683,0.00,0.00
2014.04.28 06:23:23.204,13.02376,13.02636,0.00,0.00
2014.04.28 06:23:27.207,13.02423,13.02636,0.00,0.00
2014.04.28 06:23:27.257,13.02423,13.02656,0.00,0.00
2014.04.28 06:23:27.365,13.02431,13.02691,0.00,0.00
2014.04.28 06:23:27.467,13.02423,13.02677,0.00,0.00
2014.04.28 06:23:27.775,13.02431,13.02691,0.00,0.00
2014.04.28 06:23:27.989,13.02423,13.02679,0.00,0.00
2014.04.28 06:23:29.426,13.02431,13.02691,0.00,0.00
2014.04.28 06:23:30.170,13.02452,13.02691,0.00,0.00
2014.04.28 06:23:30.220,13.02456,13.02716,0.00,0.00
2014.04.28 06:23:30.270,13.02492,13.02716,0.00,0.00
2014.04.28 06:23:30.321,13.02531,13.02791,0.00,0.00
2014.04.28 06:23:30.746,13.02515,13.02775,0.00,0.00
2014.04.28 06:23:31.290,13.02531,13.02791,0.00,0.00
2014.04.28 06:23:31.591,13.02473,13.0273,0.00,0.00
2014.04.28 06:23:31.787,13.02481,13.02741,0.00,0.00
2014.04.28 06:23:31.938,13.02461,13.02721,0.00,0.00
2014.04.28 06:23:32.255,13.02446,13.02706,0.00,0.00
2014.04.28 06:23:32.764,13.02443,13.0269,0.00,0.00
2014.04.28 06:23:33.749,13.02443,13.02701,0.00,0.00
2014.04.28 06:23:34.403,13.02443,13.0269,0.00,0.00
2014.04.28 06:23:34.826,13.02443,13.02701,0.00,0.00
2014.04.28 06:23:35.147,13.02443,13.0269,0.00,0.00
2014.04.28 06:23:35.520,13.02461,13.02721,0.00,0.00
2014.04.28 06:23:35.620,13.02443,13.02701,0.00,0.00
2014.04.28 06:23:36.976,13.02443,13.02686,0.00,0.00
2014.04.28 06:23:37.941,13.02443,13.02698,0.00,0.00
2014.04.28 06:23:53.054,13.02472,13.02698,0.00,0.00
2014.04.28 06:23:53.105,13.02489,13.02749,0.00,0.00
2014.04.28 06:23:53.283,13.02504,13.02764,0.00,0.00
2014.04.28 06:23:53.614,13.02484,13.02744,0.00,0.00
2014.04.28 06:23:54.099,13.02483,13.02727,0.00,0.00
2014.04.28 06:23:54.592,13.02483,13.02739,0.00,0.00
2014.04.28 06:23:55.290,13.02483,13.02727,0.00,0.00
2014.04.28 06:23:57.329,13.02483,13.02716,0.00,0.00
2014.04.28 06:23:57.380,13.02463,13.02716,0.00,0.00
2014.04.28 06:23:57.951,13.02474,13.02734,0.00,0.00
2014.04.28 06:23:58.282,13.02463,13.02714,0.00,0.00
2014.04.28 06:23:59.330,13.02465,13.02725,0.00,0.00
2014.04.28 06:24:04.098,13.02463,13.02706,0.00,0.00
2014.04.28 06:24:04.247,13.02463,13.02717,0.00,0.00
2014.04.28 06:24:07.359,13.02474,13.02734,0.00,0.00
2014.04.28 06:24:14.004,13.02463,13.02691,0.00,0.00
2014.04.28 06:24:14.055,13.02433,13.02691,0.00,0.00
2014.04.28 06:24:14.110,13.02433,13.0268,0.00,0.00
2014.04.28 06:24:14.328,13.02433,13.02692,0.00,0.00
2014.04.28 06:24:34.327,13.02433,13.02693,0.00,0.00
2014.04.28 06:24:54.351,13.02434,13.02694,0.00,0.00
2014.04.28 06:24:55.407,13.02433,13.02683,0.00,0.00
2014.04.28 06:24:56.926,13.02434,13.02694,0.00,0.00
2014.04.28 06:24:58.566,13.02433,13.02681,0.00,0.00
2014.04.28 06:25:01.493,13.02434,13.02694,0.00,0.00
2014.04.28 06:25:02.677,13.02433,13.02673,0.00,0.00
2014.04.28 06:25:03.955,13.02433,13.02685,0.00,0.00
2014.04.28 06:25:24.271,13.02433,13.02688,0.00,0.00
2014.04.28 06:25:30.416,13.02433,13.02632,0.00,0.00
2014.04.28 06:25:30.523,13.02372,13.02632,0.00,0.00
2014.04.28 06:25:30.674,13.02386,13.02646,0.00,0.00
2014.04.28 06:25:30.975,13.02393,13.0265,0.00,0.00
2014.04.28 06:25:31.076,13.02435,13.02695,0.00,0.00
2014.04.28 06:25:31.280,13.02393,13.02646,0.00,0.00
2014.04.28 06:25:31.793,13.02393,13.02633,0.00,0.00
2014.04.28 06:25:32.049,13.02393,13.02646,0.00,0.00
2014.04.28 06:25:36.517,13.02393,13.02622,0.00,0.00
2014.04.28 06:25:36.567,13.02362,13.02622,0.00,0.00
2014.04.28 06:25:36.618,13.02353,13.02588,0.00,0.00
2014.04.28 06:25:36.727,13.02353,13.02601,0.00,0.00
2014.04.28 06:25:37.186,13.02353,13.02587,0.00,0.00
2014.04.28 06:25:40.275,13.02333,13.02587,0.00,0.00
2014.04.28 06:25:52.294,13.02359,13.02619,0.00,0.00
2014.04.28 06:25:52.394,13.02333,13.02584,0.00,0.00
2014.04.28 06:25:52.495,13.02336,13.02596,0.00,0.00
2014.04.28 06:25:56.302,13.02333,13.02584,0.00,0.00
2014.04.28 06:25:57.842,13.02336,13.02596,0.00,0.00
2014.04.28 06:25:58.327,13.02333,13.02585,0.00,0.00
2014.04.28 06:25:59.374,13.02336,13.02596,0.00,0.00
2014.04.28 06:26:06.534,13.02333,13.02585,0.00,0.00
2014.04.28 06:26:06.755,13.02336,13.02596,0.00,0.00
2014.04.28 06:26:07.069,13.02333,13.02584,0.00,0.00
2014.04.28 06:26:07.523,13.02336,13.02596,0.00,0.00
2014.04.28 06:26:10.429,13.02333,13.02584,0.00,0.00
2014.04.28 06:26:10.758,13.02336,13.02596,0.00,0.00
2014.04.28 06:26:11.427,13.02386,13.02646,0.00,0.00
2014.04.28 06:26:11.729,13.02463,13.02707,0.00,0.00
2014.04.28 06:26:11.896,13.02433,13.02686,0.00,0.00
2014.04.28 06:26:11.970,13.02441,13.02701,0.00,0.00
2014.04.28 06:26:12.080,13.02509,13.0275,0.00,0.00
2014.04.28 06:26:12.189,13.02466,13.02726,0.00,0.00
2014.04.28 06:26:12.349,13.02442,13.02702,0.00,0.00
2014.04.28 06:26:12.701,13.02454,13.02714,0.00,0.00
2014.04.28 06:26:13.398,13.02441,13.02701,0.00,0.00
2014.04.28 06:26:13.716,13.02482,13.02742,0.00,0.00
2014.04.28 06:26:14.023,13.02463,13.02707,0.00,0.00
2014.04.28 06:26:14.326,13.02433,13.02675,0.00,0.00
2014.04.28 06:26:15.257,13.02433,13.02687,0.00,0.00
2014.04.28 06:26:16.549,13.0244,13.027,0.00,0.00
2014.04.28 06:26:22.482,13.02433,13.02678,0.00,0.00
2014.04.28 06:26:22.785,13.02433,13.0268,0.00,0.00
2014.04.28 06:26:23.116,13.02455,13.027,0.00,0.00
2014.04.28 06:26:23.426,13.02403,13.02644,0.00,0.00
2014.04.28 06:26:23.646,13.02403,13.02656,0.00,0.00
2014.04.28 06:26:28.225,13.0248,13.0274,0.00,0.00
2014.04.28 06:26:28.426,13.02492,13.02752,0.00,0.00
2014.04.28 06:26:28.754,13.02455,13.02715,0.00,0.00
2014.04.28 06:26:29.081,13.02479,13.02739,0.00,0.00
2014.04.28 06:26:29.386,13.02529,13.02789,0.00,0.00
2014.04.28 06:26:29.690,13.02556,13.02816,0.00,0.00
2014.04.28 06:26:29.994,13.02603,13.02862,0.00,0.00
2014.04.28 06:26:30.303,13.02613,13.02841,0.00,0.00
2014.04.28 06:26:30.625,13.027,13.02958,0.00,0.00
2014.04.28 06:26:30.745,13.0266,13.02864,0.00,0.00
2014.04.28 06:26:30.897,13.02593,13.02838,0.00,0.00
2014.04.28 06:26:30.948,13.02593,13.02852,0.00,0.00
2014.04.28 06:26:31.055,13.02593,13.02837,0.00,0.00
2014.04.28 06:26:31.317,13.02593,13.02848,0.00,0.00
2014.04.28 06:26:31.383,13.026,13.0286,0.00,0.00
2014.04.28 06:26:31.538,13.02593,13.02817,0.00,0.00
2014.04.28 06:26:31.639,13.02593,13.02847,0.00,0.00
2014.04.28 06:26:31.740,13.02593,13.02836,0.00,0.00
2014.04.28 06:26:31.946,13.02593,13.02838,0.00,0.00
2014.04.28 06:26:32.053,13.02593,13.02849,0.00,0.00
2014.04.28 06:26:32.155,13.02593,13.02838,0.00,0.00
2014.04.28 06:26:32.284,13.02605,13.02865,0.00,0.00
2014.04.28 06:26:32.485,13.02625,13.02885,0.00,0.00
2014.04.28 06:26:32.813,13.02593,13.0285,0.00,0.00
2014.04.28 06:26:33.273,13.02603,13.02863,0.00,0.00
2014.04.28 06:26:33.391,13.02615,13.02875,0.00,0.00
2014.04.28 06:26:33.738,13.02626,13.02886,0.00,0.00
2014.04.28 06:26:34.924,13.02614,13.02874,0.00,0.00
2014.04.28 06:26:35.535,13.02613,13.02862,0.00,0.00
2014.04.28 06:26:37.290,13.02625,13.02885,0.00,0.00
2014.04.28 06:26:37.598,13.02613,13.02861,0.00,0.00
2014.04.28 06:26:37.948,13.02613,13.02872,0.00,0.00
2014.04.28 06:26:38.268,13.02613,13.0286,0.00,0.00
2014.04.28 06:26:40.106,13.02614,13.02874,0.00,0.00
2014.04.28 06:26:40.494,13.02614,13.02858,0.00,0.00
2014.04.28 06:26:40.545,13.02588,13.02848,0.00,0.00
2014.04.28 06:26:40.646,13.02523,13.02781,0.00,0.00
2014.04.28 06:26:40.847,13.02536,13.02796,0.00,0.00
2014.04.28 06:26:41.314,13.02523,13.02783,0.00,0.00
2014.04.28 06:26:41.811,13.02523,13.02767,0.00,0.00
2014.04.28 06:26:45.724,13.0255,13.02767,0.00,0.00
2014.04.28 06:26:45.886,13.02579,13.02839,0.00,0.00
2014.04.28 06:26:45.989,13.02595,13.02855,0.00,0.00
2014.04.28 06:26:46.761,13.02596,13.02856,0.00,0.00
2014.04.28 06:26:47.073,13.0262,13.0288,0.00,0.00
2014.04.28 06:26:47.424,13.02723,13.0288,0.00,0.00
2014.04.28 06:26:47.525,13.02723,13.02982,0.00,0.00
2014.04.28 06:26:48.084,13.02698,13.02958,0.00,0.00
2014.04.28 06:26:48.185,13.02683,13.02933,0.00,0.00
