2016.04.21 05:00:00.391,12.47451,12.47792,0.00,0.00
2016.04.21 05:00:00.733,12.47499,12.47801,0.00,0.00
2016.04.21 05:00:01.670,12.47549,12.47801,0.00,0.00
2016.04.21 05:00:02.074,12.47552,12.478,0.00,0.00
2016.04.21 05:00:02.745,12.47552,12.47801,0.00,0.00
2016.04.21 05:00:03.012,12.47552,12.4785,0.00,0.00
2016.04.21 05:00:03.206,12.47552,12.47901,0.00,0.00
2016.04.21 05:00:03.290,12.47552,12.47931,0.00,0.00
2016.04.21 05:00:03.591,12.47552,12.47902,0.00,0.00
2016.04.21 05:00:03.692,12.47552,12.47932,0.00,0.00
2016.04.21 05:00:04.136,12.47559,12.47922,0.00,0.00
2016.04.21 05:00:04.192,12.47559,12.47932,0.00,0.00
2016.04.21 05:00:04.344,12.47552,12.47932,0.00,0.00
2016.04.21 05:00:04.510,12.47552,12.47912,0.00,0.00
2016.04.21 05:00:05.028,12.47519,12.47881,0.00,0.00
2016.04.21 05:00:05.129,12.47519,12.47872,0.00,0.00
2016.04.21 05:00:05.496,12.47519,12.47881,0.00,0.00
2016.04.21 05:00:05.800,12.47519,12.47861,0.00,0.00
2016.04.21 05:00:06.313,12.4752,12.47861,0.00,0.00
2016.04.21 05:00:06.447,12.4752,12.4788,0.00,0.00
2016.04.21 05:00:07.515,12.47519,12.47881,0.00,0.00
2016.04.21 05:00:08.016,12.4752,12.4788,0.00,0.00
2016.04.21 05:00:08.518,12.47519,12.47881,0.00,0.00
2016.04.21 05:00:09.230,12.475,12.4788,0.00,0.00
2016.04.21 05:00:09.353,12.475,12.47862,0.00,0.00
2016.04.21 05:00:10.029,12.47499,12.47862,0.00,0.00
2016.04.21 05:00:10.312,12.47552,12.47921,0.00,0.00
2016.04.21 05:00:10.643,12.47552,12.47892,0.00,0.00
2016.04.21 05:00:11.408,12.47619,12.47892,0.00,0.00
2016.04.21 05:00:11.610,12.47652,12.47931,0.00,0.00
2016.04.21 05:00:12.257,12.47652,12.4793,0.00,0.00
2016.04.21 05:00:13.128,12.47652,12.47931,0.00,0.00
2016.04.21 05:00:13.970,12.47652,12.4793,0.00,0.00
2016.04.21 05:00:14.650,12.47652,12.47931,0.00,0.00
2016.04.21 05:00:15.232,12.47652,12.4793,0.00,0.00
2016.04.21 05:00:15.782,12.47652,12.47931,0.00,0.00
2016.04.21 05:00:16.328,12.47652,12.4793,0.00,0.00
2016.04.21 05:00:16.954,12.47652,12.47931,0.00,0.00
2016.04.21 05:00:17.548,12.47652,12.4793,0.00,0.00
2016.04.21 05:00:18.238,12.47652,12.47931,0.00,0.00
2016.04.21 05:00:19.140,12.47652,12.4793,0.00,0.00
2016.04.21 05:00:19.941,12.47652,12.47931,0.00,0.00
2016.04.21 05:00:20.743,12.47652,12.4793,0.00,0.00
2016.04.21 05:00:21.789,12.47652,12.47931,0.00,0.00
2016.04.21 05:00:22.479,12.47652,12.4793,0.00,0.00
2016.04.21 05:00:22.721,12.47649,12.47931,0.00,0.00
2016.04.21 05:00:22.772,12.47591,12.4791,0.00,0.00
2016.04.21 05:00:22.873,12.47579,12.4791,0.00,0.00
2016.04.21 05:00:22.929,12.4755,12.4791,0.00,0.00
2016.04.21 05:00:23.030,12.4755,12.47891,0.00,0.00
2016.04.21 05:00:23.430,12.4755,12.479,0.00,0.00
2016.04.21 05:00:23.643,12.47552,12.47892,0.00,0.00
2016.04.21 05:00:23.832,12.47552,12.47901,0.00,0.00
2016.04.21 05:00:23.882,12.47552,12.47831,0.00,0.00
2016.04.21 05:00:24.084,12.47429,12.47722,0.00,0.00
2016.04.21 05:00:24.301,12.47401,12.47749,0.00,0.00
2016.04.21 05:00:24.352,12.47401,12.47742,0.00,0.00
2016.04.21 05:00:24.453,12.47401,12.47749,0.00,0.00
2016.04.21 05:00:24.684,12.47401,12.47738,0.00,0.00
2016.04.21 05:00:24.886,12.47301,12.47641,0.00,0.00
2016.04.21 05:00:24.987,12.47301,12.47649,0.00,0.00
2016.04.21 05:00:25.088,12.47308,12.47649,0.00,0.00
2016.04.21 05:00:25.139,12.47301,12.47649,0.00,0.00
2016.04.21 05:00:25.300,12.47349,12.47649,0.00,0.00
2016.04.21 05:00:25.467,12.47352,12.47741,0.00,0.00
2016.04.21 05:00:25.675,12.47352,12.47712,0.00,0.00
2016.04.21 05:00:25.741,12.47352,12.47732,0.00,0.00
2016.04.21 05:00:25.791,12.474,12.47732,0.00,0.00
2016.04.21 05:00:25.892,12.47391,12.47732,0.00,0.00
2016.04.21 05:00:25.943,12.47368,12.4774,0.00,0.00
2016.04.21 05:00:25.994,12.47368,12.47748,0.00,0.00
2016.04.21 05:00:26.044,12.47352,12.47722,0.00,0.00
2016.04.21 05:00:26.376,12.47301,12.47681,0.00,0.00
2016.04.21 05:00:26.477,12.47309,12.477,0.00,0.00
2016.04.21 05:00:26.544,12.47301,12.47691,0.00,0.00
2016.04.21 05:00:26.949,12.47309,12.47701,0.00,0.00
2016.04.21 05:00:27.045,12.47302,12.47691,0.00,0.00
2016.04.21 05:00:27.346,12.47419,12.47799,0.00,0.00
2016.04.21 05:00:27.448,12.47409,12.47799,0.00,0.00
2016.04.21 05:00:27.549,12.474,12.47772,0.00,0.00
2016.04.21 05:00:27.650,12.474,12.47792,0.00,0.00
2016.04.21 05:00:27.751,12.47399,12.47781,0.00,0.00
2016.04.21 05:00:28.117,12.47418,12.47771,0.00,0.00
2016.04.21 05:00:28.350,12.4745,12.4783,0.00,0.00
2016.04.21 05:00:28.605,12.47449,12.47812,0.00,0.00
2016.04.21 05:00:28.795,12.4745,12.47832,0.00,0.00
2016.04.21 05:00:28.851,12.4745,12.47821,0.00,0.00
2016.04.21 05:00:29.362,12.47451,12.47821,0.00,0.00
2016.04.21 05:00:30.610,12.47619,12.47821,0.00,0.00
2016.04.21 05:00:30.761,12.47619,12.47899,0.00,0.00
2016.04.21 05:00:30.812,12.47568,12.47801,0.00,0.00
2016.04.21 05:00:31.014,12.47351,12.4763,0.00,0.00
2016.04.21 05:00:31.065,12.47351,12.47622,0.00,0.00
2016.04.21 05:00:31.267,12.47242,12.47548,0.00,0.00
2016.04.21 05:00:31.318,12.47199,12.47548,0.00,0.00
2016.04.21 05:00:31.464,12.47201,12.47548,0.00,0.00
2016.04.21 05:00:31.767,12.47189,12.4754,0.00,0.00
2016.04.21 05:00:31.868,12.47152,12.47541,0.00,0.00
2016.04.21 05:00:32.470,12.47152,12.4754,0.00,0.00
2016.04.21 05:00:32.659,12.4715,12.47508,0.00,0.00
2016.04.21 05:00:32.710,12.47128,12.475,0.00,0.00
2016.04.21 05:00:32.762,12.4712,12.47492,0.00,0.00
2016.04.21 05:00:33.063,12.47119,12.47501,0.00,0.00
2016.04.21 05:00:33.113,12.4715,12.47502,0.00,0.00
2016.04.21 05:00:33.164,12.4715,12.47508,0.00,0.00
2016.04.21 05:00:33.216,12.47149,12.47521,0.00,0.00
2016.04.21 05:00:33.317,12.47158,12.47541,0.00,0.00
2016.04.21 05:00:33.482,12.47151,12.47532,0.00,0.00
2016.04.21 05:00:33.866,12.47151,12.4754,0.00,0.00
2016.04.21 05:00:33.967,12.47192,12.4754,0.00,0.00
2016.04.21 05:00:34.268,12.47199,12.47541,0.00,0.00
2016.04.21 05:00:35.175,12.472,12.4754,0.00,0.00
2016.04.21 05:00:35.838,12.47199,12.47541,0.00,0.00
2016.04.21 05:00:36.779,12.472,12.4754,0.00,0.00
2016.04.21 05:00:37.105,12.47191,12.4754,0.00,0.00
2016.04.21 05:00:37.156,12.47168,12.4754,0.00,0.00
2016.04.21 05:00:37.291,12.47151,12.4754,0.00,0.00
2016.04.21 05:00:37.342,12.4725,12.47552,0.00,0.00
2016.04.21 05:00:37.393,12.47249,12.47611,0.00,0.00
2016.04.21 05:00:37.480,12.47249,12.47621,0.00,0.00
2016.04.21 05:00:37.825,12.47249,12.47631,0.00,0.00
2016.04.21 05:00:39.013,12.47249,12.47621,0.00,0.00
2016.04.21 05:00:39.127,12.47259,12.47641,0.00,0.00
2016.04.21 05:00:39.177,12.47268,12.47641,0.00,0.00
2016.04.21 05:00:39.684,12.47268,12.4764,0.00,0.00
2016.04.21 05:00:40.198,12.47268,12.47641,0.00,0.00
2016.04.21 05:00:40.633,12.473,12.4764,0.00,0.00
2016.04.21 05:00:42.194,12.47299,12.47641,0.00,0.00
2016.04.21 05:00:42.819,12.47319,12.47662,0.00,0.00
2016.04.21 05:00:42.870,12.47352,12.47662,0.00,0.00
2016.04.21 05:00:42.920,12.47352,12.47681,0.00,0.00
2016.04.21 05:00:42.984,12.47352,12.47721,0.00,0.00
2016.04.21 05:00:43.323,12.47352,12.47711,0.00,0.00
2016.04.21 05:00:43.384,12.47352,12.47721,0.00,0.00
2016.04.21 05:00:43.488,12.47352,12.47702,0.00,0.00
2016.04.21 05:00:43.705,12.47352,12.47711,0.00,0.00
2016.04.21 05:00:44.032,12.47352,12.4772,0.00,0.00
2016.04.21 05:00:44.086,12.47352,12.47712,0.00,0.00
2016.04.21 05:00:44.699,12.47352,12.47721,0.00,0.00
2016.04.21 05:00:44.800,12.47358,12.47741,0.00,0.00
2016.04.21 05:00:44.851,12.47399,12.47741,0.00,0.00
2016.04.21 05:00:44.902,12.47392,12.4774,0.00,0.00
2016.04.21 05:00:45.073,12.47352,12.4774,0.00,0.00
2016.04.21 05:00:45.124,12.47352,12.47712,0.00,0.00
2016.04.21 05:00:45.187,12.47352,12.47732,0.00,0.00
2016.04.21 05:00:45.288,12.47352,12.47741,0.00,0.00
2016.04.21 05:00:46.118,12.47352,12.4774,0.00,0.00
2016.04.21 05:00:46.219,12.47359,12.47741,0.00,0.00
2016.04.21 05:00:46.604,12.47352,12.47732,0.00,0.00
2016.04.21 05:00:46.801,12.47352,12.47741,0.00,0.00
2016.04.21 05:00:46.902,12.47358,12.47741,0.00,0.00
2016.04.21 05:00:47.402,12.47352,12.47741,0.00,0.00
2016.04.21 05:00:47.808,12.4736,12.4774,0.00,0.00
2016.04.21 05:00:47.942,12.47358,12.47741,0.00,0.00
2016.04.21 05:00:47.993,12.47352,12.47732,0.00,0.00
2016.04.21 05:00:48.377,12.47352,12.4773,0.00,0.00
2016.04.21 05:00:49.211,12.47352,12.47732,0.00,0.00
2016.04.21 05:00:49.495,12.47358,12.4774,0.00,0.00
2016.04.21 05:00:49.995,12.47352,12.47741,0.00,0.00
2016.04.21 05:00:50.207,12.47358,12.47741,0.00,0.00
2016.04.21 05:00:50.415,12.47352,12.47741,0.00,0.00
2016.04.21 05:00:51.017,12.47352,12.4774,0.00,0.00
2016.04.21 05:00:52.220,12.47352,12.47741,0.00,0.00
2016.04.21 05:00:52.721,12.47352,12.4774,0.00,0.00
2016.04.21 05:00:53.222,12.47352,12.47741,0.00,0.00
2016.04.21 05:00:53.500,12.47352,12.47722,0.00,0.00
2016.04.21 05:00:53.800,12.47352,12.47741,0.00,0.00
2016.04.21 05:00:53.901,12.47352,12.47681,0.00,0.00
2016.04.21 05:00:54.103,12.47249,12.47612,0.00,0.00
2016.04.21 05:00:54.726,12.4725,12.47612,0.00,0.00
2016.04.21 05:00:55.227,12.47251,12.47612,0.00,0.00
2016.04.21 05:00:55.503,12.47251,12.47621,0.00,0.00
2016.04.21 05:00:56.018,12.47251,12.4763,0.00,0.00
2016.04.21 05:00:56.069,12.47251,12.4764,0.00,0.00
2016.04.21 05:00:56.119,12.47251,12.47632,0.00,0.00
2016.04.21 05:00:56.430,12.47201,12.47562,0.00,0.00
2016.04.21 05:00:56.505,12.47201,12.47581,0.00,0.00
2016.04.21 05:00:59.289,12.47199,12.47581,0.00,0.00
2016.04.21 05:00:59.340,12.47199,12.47561,0.00,0.00
2016.04.21 05:00:59.508,12.47199,12.47572,0.00,0.00
2016.04.21 05:00:59.749,12.472,12.47561,0.00,0.00
2016.04.21 05:01:00.221,12.47199,12.47572,0.00,0.00
2016.04.21 05:01:00.271,12.47201,12.47572,0.00,0.00
2016.04.21 05:01:00.322,12.47201,12.47592,0.00,0.00
2016.04.21 05:01:01.146,12.47201,12.47582,0.00,0.00
2016.04.21 05:01:01.450,12.47242,12.47621,0.00,0.00
2016.04.21 05:01:01.814,12.47242,12.47591,0.00,0.00
2016.04.21 05:01:01.915,12.47242,12.47611,0.00,0.00
2016.04.21 05:01:02.332,12.47248,12.47631,0.00,0.00
2016.04.21 05:01:02.760,12.47249,12.47612,0.00,0.00
2016.04.21 05:01:02.861,12.47268,12.47641,0.00,0.00
2016.04.21 05:01:03.116,12.47252,12.47622,0.00,0.00
2016.04.21 05:01:03.426,12.47258,12.47641,0.00,0.00
2016.04.21 05:01:03.755,12.47252,12.47641,0.00,0.00
2016.04.21 05:01:03.856,12.47252,12.47621,0.00,0.00
2016.04.21 05:01:04.518,12.47252,12.47632,0.00,0.00
2016.04.21 05:01:05.966,12.47289,12.47641,0.00,0.00
2016.04.21 05:01:06.314,12.473,12.4764,0.00,0.00
2016.04.21 05:01:07.066,12.47299,12.47641,0.00,0.00
2016.04.21 05:01:08.569,12.473,12.4764,0.00,0.00
2016.04.21 05:01:09.071,12.47299,12.47641,0.00,0.00
2016.04.21 05:01:09.772,12.473,12.4764,0.00,0.00
2016.04.21 05:01:10.107,12.47291,12.47641,0.00,0.00
2016.04.21 05:01:10.158,12.47249,12.47641,0.00,0.00
2016.04.21 05:01:10.259,12.4725,12.47622,0.00,0.00
2016.04.21 05:01:10.528,12.47249,12.47631,0.00,0.00
2016.04.21 05:01:10.629,12.4725,12.4764,0.00,0.00
2016.04.21 05:01:10.727,12.4725,12.47622,0.00,0.00
2016.04.21 05:01:11.037,12.47249,12.47641,0.00,0.00
2016.04.21 05:01:11.138,12.47251,12.47632,0.00,0.00
2016.04.21 05:01:11.228,12.47258,12.47641,0.00,0.00
2016.04.21 05:01:11.879,12.47258,12.4764,0.00,0.00
2016.04.21 05:01:12.568,12.47258,12.47641,0.00,0.00
2016.04.21 05:01:13.032,12.47251,12.47641,0.00,0.00
2016.04.21 05:01:13.884,12.47251,12.4764,0.00,0.00
2016.04.21 05:01:14.385,12.47251,12.47641,0.00,0.00
2016.04.21 05:01:14.485,12.47259,12.47641,0.00,0.00
2016.04.21 05:01:15.210,12.4726,12.4764,0.00,0.00
2016.04.21 05:01:15.797,12.47259,12.47641,0.00,0.00
2016.04.21 05:01:18.941,12.4726,12.4764,0.00,0.00
2016.04.21 05:01:19.602,12.47259,12.47641,0.00,0.00
2016.04.21 05:01:19.931,12.47251,12.4764,0.00,0.00
2016.04.21 05:01:19.982,12.47251,12.47632,0.00,0.00
2016.04.21 05:01:20.083,12.47251,12.47641,0.00,0.00
2016.04.21 05:01:20.881,12.47251,12.4764,0.00,0.00
2016.04.21 05:01:21.455,12.47258,12.4764,0.00,0.00
2016.04.21 05:01:21.758,12.47249,12.47622,0.00,0.00
2016.04.21 05:01:22.159,12.47249,12.47631,0.00,0.00
2016.04.21 05:01:22.728,12.4725,12.4763,0.00,0.00
2016.04.21 05:01:23.231,12.47249,12.47631,0.00,0.00
2016.04.21 05:01:23.677,12.47251,12.47631,0.00,0.00
2016.04.21 05:01:24.222,12.47251,12.4763,0.00,0.00
2016.04.21 05:01:24.753,12.47251,12.4762,0.00,0.00
2016.04.21 05:01:25.431,12.47251,12.47621,0.00,0.00
2016.04.21 05:01:25.760,12.47299,12.47641,0.00,0.00
2016.04.21 05:01:26.481,12.473,12.4764,0.00,0.00
2016.04.21 05:01:27.124,12.47299,12.47641,0.00,0.00
2016.04.21 05:01:28.628,12.473,12.4764,0.00,0.00
2016.04.21 05:01:29.227,12.47299,12.47641,0.00,0.00
2016.04.21 05:01:29.732,12.473,12.4764,0.00,0.00
2016.04.21 05:01:30.736,12.47299,12.47641,0.00,0.00
2016.04.21 05:01:31.286,12.473,12.4764,0.00,0.00
2016.04.21 05:01:31.585,12.47351,12.4771,0.00,0.00
2016.04.21 05:01:31.888,12.47351,12.47701,0.00,0.00
2016.04.21 05:01:35.195,12.47351,12.47692,0.00,0.00
2016.04.21 05:01:35.270,12.47351,12.47711,0.00,0.00
2016.04.21 05:01:35.796,12.47351,12.47681,0.00,0.00
2016.04.21 05:01:35.915,12.47351,12.47711,0.00,0.00
2016.04.21 05:01:36.995,12.47351,12.47692,0.00,0.00
2016.04.21 05:01:37.499,12.47351,12.47701,0.00,0.00
2016.04.21 05:01:37.900,12.47351,12.4771,0.00,0.00
2016.04.21 05:01:38.043,12.47351,12.47702,0.00,0.00
2016.04.21 05:01:38.802,12.47351,12.47691,0.00,0.00
2016.04.21 05:01:38.903,12.47351,12.47702,0.00,0.00
2016.04.21 05:01:49.791,12.47351,12.47711,0.00,0.00
2016.04.21 05:01:50.597,12.47351,12.4771,0.00,0.00
2016.04.21 05:01:51.238,12.47351,12.47711,0.00,0.00
2016.04.21 05:01:51.898,12.47351,12.4771,0.00,0.00
2016.04.21 05:01:52.576,12.47351,12.47711,0.00,0.00
2016.04.21 05:01:52.665,12.47351,12.47669,0.00,0.00
2016.04.21 05:01:52.989,12.47241,12.47551,0.00,0.00
2016.04.21 05:01:53.040,12.47241,12.47572,0.00,0.00
2016.04.21 05:01:53.095,12.47241,12.47591,0.00,0.00
2016.04.21 05:01:53.235,12.47241,12.47581,0.00,0.00
2016.04.21 05:01:53.437,12.47202,12.47581,0.00,0.00
2016.04.21 05:01:54.342,12.47202,12.47571,0.00,0.00
2016.04.21 05:01:54.843,12.47202,12.47582,0.00,0.00
2016.04.21 05:01:54.944,12.47202,12.47572,0.00,0.00
2016.04.21 05:01:55.098,12.47202,12.47582,0.00,0.00
2016.04.21 05:01:56.345,12.47202,12.47549,0.00,0.00
2016.04.21 05:01:56.446,12.47151,12.4754,0.00,0.00
2016.04.21 05:01:56.787,12.47158,12.4754,0.00,0.00
2016.04.21 05:01:57.199,12.47169,12.47541,0.00,0.00
2016.04.21 05:01:58.600,12.47169,12.4754,0.00,0.00
2016.04.21 05:01:58.650,12.47158,12.4754,0.00,0.00
2016.04.21 05:01:59.180,12.47158,12.47541,0.00,0.00
2016.04.21 05:02:00.222,12.47199,12.47541,0.00,0.00
2016.04.21 05:02:00.403,12.47191,12.4754,0.00,0.00
2016.04.21 05:02:00.454,12.47199,12.4754,0.00,0.00
2016.04.21 05:02:00.555,12.47152,12.4754,0.00,0.00
2016.04.21 05:02:00.954,12.47152,12.47522,0.00,0.00
2016.04.21 05:02:01.155,12.47152,12.47541,0.00,0.00
2016.04.21 05:02:01.705,12.47151,12.4754,0.00,0.00
2016.04.21 05:02:02.307,12.47151,12.47541,0.00,0.00
2016.04.21 05:02:03.924,12.47151,12.4754,0.00,0.00
2016.04.21 05:02:04.638,12.47151,12.47541,0.00,0.00
2016.04.21 05:02:08.017,12.47151,12.4754,0.00,0.00
2016.04.21 05:02:08.731,12.47151,12.47541,0.00,0.00
2016.04.21 05:02:09.722,12.47151,12.4754,0.00,0.00
2016.04.21 05:02:10.384,12.47151,12.47541,0.00,0.00
2016.04.21 05:02:10.759,12.47151,12.47532,0.00,0.00
2016.04.21 05:02:10.820,12.47151,12.4754,0.00,0.00
2016.04.21 05:02:11.369,12.47151,12.47541,0.00,0.00
2016.04.21 05:02:12.779,12.47151,12.4754,0.00,0.00
2016.04.21 05:02:13.388,12.47151,12.47541,0.00,0.00
2016.04.21 05:02:14.571,12.47151,12.4754,0.00,0.00
2016.04.21 05:02:15.326,12.47151,12.47531,0.00,0.00
2016.04.21 05:02:15.427,12.47151,12.47541,0.00,0.00
2016.04.21 05:02:17.458,12.47151,12.4754,0.00,0.00
2016.04.21 05:02:18.480,12.47151,12.47541,0.00,0.00
2016.04.21 05:02:19.564,12.47151,12.4754,0.00,0.00
2016.04.21 05:02:20.567,12.47151,12.47541,0.00,0.00
2016.04.21 05:02:21.092,12.47259,12.47542,0.00,0.00
2016.04.21 05:02:21.143,12.47259,12.47561,0.00,0.00
2016.04.21 05:02:21.244,12.47259,12.47571,0.00,0.00
2016.04.21 05:02:21.345,12.47199,12.47571,0.00,0.00
2016.04.21 05:02:22.294,12.4729,12.47582,0.00,0.00
2016.04.21 05:02:22.345,12.4729,12.47599,0.00,0.00
2016.04.21 05:02:22.446,12.4729,12.4764,0.00,0.00
2016.04.21 05:02:22.597,12.47268,12.4764,0.00,0.00
2016.04.21 05:02:22.648,12.47252,12.4764,0.00,0.00
2016.04.21 05:02:22.749,12.47252,12.47621,0.00,0.00
2016.04.21 05:02:22.850,12.47252,12.47631,0.00,0.00
2016.04.21 05:02:22.951,12.47258,12.4764,0.00,0.00
2016.04.21 05:02:23.875,12.47258,12.47641,0.00,0.00
2016.04.21 05:02:24.376,12.47258,12.4764,0.00,0.00
2016.04.21 05:02:24.788,12.47252,12.47641,0.00,0.00
2016.04.21 05:02:25.041,12.47258,12.4764,0.00,0.00
2016.04.21 05:02:25.205,12.47252,12.4764,0.00,0.00
2016.04.21 05:02:25.881,12.47252,12.47641,0.00,0.00
2016.04.21 05:02:27.787,12.47252,12.4764,0.00,0.00
2016.04.21 05:02:28.388,12.47252,12.47641,0.00,0.00
2016.04.21 05:02:29.177,12.47258,12.47641,0.00,0.00
2016.04.21 05:02:29.278,12.47252,12.4764,0.00,0.00
2016.04.21 05:02:29.379,12.47252,12.47622,0.00,0.00
2016.04.21 05:02:29.682,12.47252,12.47611,0.00,0.00
2016.04.21 05:02:29.732,12.47252,12.4762,0.00,0.00
2016.04.21 05:02:29.858,12.47252,12.47611,0.00,0.00
2016.04.21 05:02:31.399,12.47252,12.4761,0.00,0.00
2016.04.21 05:02:32.297,12.47252,12.47611,0.00,0.00
2016.04.21 05:02:34.419,12.47252,12.4761,0.00,0.00
2016.04.21 05:02:35.410,12.47252,12.47611,0.00,0.00
2016.04.21 05:02:37.507,12.47252,12.4761,0.00,0.00
2016.04.21 05:02:38.018,12.47252,12.47611,0.00,0.00
2016.04.21 05:02:39.911,12.47252,12.4761,0.00,0.00
2016.04.21 05:02:40.412,12.47252,12.47611,0.00,0.00
2016.04.21 05:02:40.894,12.47291,12.47611,0.00,0.00
2016.04.21 05:02:40.944,12.47291,12.47622,0.00,0.00
2016.04.21 05:02:40.995,12.47252,12.47632,0.00,0.00
2016.04.21 05:02:41.210,12.47252,12.4764,0.00,0.00
2016.04.21 05:02:41.312,12.47252,12.47631,0.00,0.00
2016.04.21 05:02:41.469,12.47252,12.47641,0.00,0.00
2016.04.21 05:02:42.817,12.47252,12.4764,0.00,0.00
2016.04.21 05:02:43.418,12.47252,12.47641,0.00,0.00
2016.04.21 05:02:43.754,12.473,12.4762,0.00,0.00
2016.04.21 05:02:43.855,12.47252,12.47611,0.00,0.00
2016.04.21 05:02:43.906,12.47268,12.47611,0.00,0.00
2016.04.21 05:02:44.179,12.47241,12.47592,0.00,0.00
2016.04.21 05:02:44.463,12.47219,12.47592,0.00,0.00
2016.04.21 05:02:44.514,12.47219,12.47579,0.00,0.00
2016.04.21 05:02:44.615,12.47168,12.4754,0.00,0.00
2016.04.21 05:02:44.665,12.47168,12.47521,0.00,0.00
2016.04.21 05:02:44.716,12.47141,12.47511,0.00,0.00
2016.04.21 05:02:44.817,12.47141,12.47502,0.00,0.00
2016.04.21 05:02:44.918,12.47141,12.47521,0.00,0.00
2016.04.21 05:02:44.969,12.47141,12.47511,0.00,0.00
2016.04.21 05:02:45.278,12.47152,12.47502,0.00,0.00
2016.04.21 05:02:45.584,12.47209,12.47531,0.00,0.00
2016.04.21 05:02:46.726,12.47152,12.4751,0.00,0.00
2016.04.21 05:02:47.229,12.47152,12.475,0.00,0.00
2016.04.21 05:02:47.388,12.47141,12.47501,0.00,0.00
2016.04.21 05:02:47.490,12.4712,12.47482,0.00,0.00
2016.04.21 05:02:47.723,12.4712,12.47492,0.00,0.00
2016.04.21 05:02:47.990,12.4712,12.475,0.00,0.00
2016.04.21 05:02:48.735,12.47119,12.47501,0.00,0.00
2016.04.21 05:02:49.180,12.47119,12.47491,0.00,0.00
2016.04.21 05:02:49.739,12.4712,12.4749,0.00,0.00
2016.04.21 05:02:49.940,12.4712,12.47492,0.00,0.00
2016.04.21 05:02:50.463,12.47119,12.47492,0.00,0.00
2016.04.21 05:02:51.344,12.4712,12.47492,0.00,0.00
2016.04.21 05:02:51.545,12.4712,12.4749,0.00,0.00
2016.04.21 05:02:52.113,12.4712,12.47491,0.00,0.00
2016.04.21 05:02:52.773,12.47119,12.47491,0.00,0.00
2016.04.21 05:02:53.102,12.47119,12.47471,0.00,0.00
2016.04.21 05:02:53.203,12.47119,12.47481,0.00,0.00
2016.04.21 05:02:53.753,12.47149,12.47481,0.00,0.00
2016.04.21 05:02:53.916,12.47152,12.4751,0.00,0.00
2016.04.21 05:02:54.155,12.47152,12.47501,0.00,0.00
2016.04.21 05:02:54.458,12.47152,12.4749,0.00,0.00
2016.04.21 05:02:54.708,12.47152,12.47501,0.00,0.00
2016.04.21 05:02:55.463,12.47152,12.4748,0.00,0.00
2016.04.21 05:02:56.062,12.47152,12.47481,0.00,0.00
2016.04.21 05:02:57.113,12.47152,12.4748,0.00,0.00
2016.04.21 05:02:57.666,12.47152,12.47481,0.00,0.00
2016.04.21 05:02:58.383,12.47152,12.4748,0.00,0.00
2016.04.21 05:02:59.043,12.47152,12.47481,0.00,0.00
2016.04.21 05:03:00.573,12.47152,12.4748,0.00,0.00
2016.04.21 05:03:01.575,12.47152,12.47481,0.00,0.00
2016.04.21 05:03:03.380,12.47152,12.47471,0.00,0.00
2016.04.21 05:03:04.125,12.47152,12.4747,0.00,0.00
2016.04.21 05:03:04.527,12.47152,12.4748,0.00,0.00
2016.04.21 05:03:05.052,12.47152,12.47481,0.00,0.00
2016.04.21 05:03:07.113,12.47152,12.4748,0.00,0.00
2016.04.21 05:03:08.294,12.47152,12.47481,0.00,0.00
2016.04.21 05:03:08.997,12.47152,12.4748,0.00,0.00
2016.04.21 05:03:09.598,12.47152,12.47481,0.00,0.00
2016.04.21 05:03:10.101,12.47152,12.4748,0.00,0.00
2016.04.21 05:03:10.528,12.47152,12.47471,0.00,0.00
2016.04.21 05:03:12.409,12.47152,12.4747,0.00,0.00
2016.04.21 05:03:13.156,12.47152,12.47471,0.00,0.00
2016.04.21 05:03:14.146,12.47152,12.4747,0.00,0.00
2016.04.21 05:03:14.592,12.4715,12.4747,0.00,0.00
2016.04.21 05:03:14.643,12.47141,12.4744,0.00,0.00
2016.04.21 05:03:14.694,12.47102,12.4744,0.00,0.00
2016.04.21 05:03:14.897,12.4705,12.4743,0.00,0.00
2016.04.21 05:03:14.948,12.4705,12.4744,0.00,0.00
2016.04.21 05:03:15.187,12.47049,12.47432,0.00,0.00
2016.04.21 05:03:15.468,12.4705,12.4744,0.00,0.00
2016.04.21 05:03:15.519,12.47052,12.4744,0.00,0.00
2016.04.21 05:03:16.519,12.47052,12.47441,0.00,0.00
2016.04.21 05:03:17.020,12.47052,12.4744,0.00,0.00
2016.04.21 05:03:17.822,12.47052,12.47441,0.00,0.00
2016.04.21 05:03:18.926,12.47052,12.4744,0.00,0.00
2016.04.21 05:03:19.428,12.47052,12.47441,0.00,0.00
2016.04.21 05:03:19.930,12.47052,12.4744,0.00,0.00
2016.04.21 05:03:20.432,12.47052,12.47441,0.00,0.00
2016.04.21 05:03:21.398,12.47049,12.47441,0.00,0.00
2016.04.21 05:03:21.449,12.47109,12.47441,0.00,0.00
2016.04.21 05:03:21.651,12.471,12.4744,0.00,0.00
2016.04.21 05:03:21.701,12.47109,12.4744,0.00,0.00
2016.04.21 05:03:21.802,12.471,12.4744,0.00,0.00
2016.04.21 05:03:22.941,12.47099,12.47441,0.00,0.00
2016.04.21 05:03:24.287,12.47099,12.47471,0.00,0.00
2016.04.21 05:03:24.338,12.47101,12.47471,0.00,0.00
2016.04.21 05:03:24.650,12.4715,12.47492,0.00,0.00
2016.04.21 05:03:24.700,12.4715,12.47502,0.00,0.00
2016.04.21 05:03:24.751,12.47152,12.47502,0.00,0.00
2016.04.21 05:03:24.802,12.47152,12.4751,0.00,0.00
2016.04.21 05:03:24.903,12.47152,12.47512,0.00,0.00
2016.04.21 05:03:24.953,12.47152,12.4751,0.00,0.00
2016.04.21 05:03:25.390,12.47152,12.47501,0.00,0.00
2016.04.21 05:03:25.491,12.47152,12.4751,0.00,0.00
2016.04.21 05:03:26.006,12.47152,12.47511,0.00,0.00
2016.04.21 05:03:26.884,12.47152,12.4751,0.00,0.00
2016.04.21 05:03:27.438,12.47152,12.47511,0.00,0.00
2016.04.21 05:03:27.704,12.47152,12.47501,0.00,0.00
2016.04.21 05:03:28.358,12.47152,12.475,0.00,0.00
2016.04.21 05:03:28.859,12.47152,12.47501,0.00,0.00
2016.04.21 05:03:29.862,12.47152,12.475,0.00,0.00
2016.04.21 05:03:30.364,12.47152,12.47501,0.00,0.00
2016.04.21 05:03:32.171,12.47152,12.475,0.00,0.00
2016.04.21 05:03:33.678,12.47152,12.47501,0.00,0.00
2016.04.21 05:03:35.385,12.47152,12.475,0.00,0.00
2016.04.21 05:03:35.913,12.47152,12.47501,0.00,0.00
2016.04.21 05:03:36.498,12.47152,12.475,0.00,0.00
2016.04.21 05:03:37.391,12.47152,12.47501,0.00,0.00
2016.04.21 05:03:37.894,12.47152,12.475,0.00,0.00
2016.04.21 05:03:37.944,12.4715,12.475,0.00,0.00
2016.04.21 05:03:37.995,12.47119,12.47471,0.00,0.00
2016.04.21 05:03:38.125,12.4712,12.47462,0.00,0.00
2016.04.21 05:03:38.390,12.47119,12.47471,0.00,0.00
2016.04.21 05:03:38.896,12.4712,12.4747,0.00,0.00
2016.04.21 05:03:39.605,12.47119,12.47471,0.00,0.00
2016.04.21 05:03:41.003,12.4712,12.4747,0.00,0.00
2016.04.21 05:03:41.506,12.47119,12.47471,0.00,0.00
2016.04.21 05:03:42.912,12.47102,12.4744,0.00,0.00
2016.04.21 05:03:43.064,12.47058,12.4744,0.00,0.00
2016.04.21 05:03:43.114,12.47051,12.47432,0.00,0.00
2016.04.21 05:03:43.448,12.47069,12.4744,0.00,0.00
2016.04.21 05:03:43.510,12.47051,12.47432,0.00,0.00
2016.04.21 05:03:43.611,12.47069,12.4744,0.00,0.00
2016.04.21 05:03:43.969,12.47051,12.47432,0.00,0.00
2016.04.21 05:03:45.128,12.47051,12.47441,0.00,0.00
2016.04.21 05:03:46.253,12.47051,12.4744,0.00,0.00
2016.04.21 05:03:46.637,12.471,12.4744,0.00,0.00
2016.04.21 05:03:46.841,12.47102,12.47471,0.00,0.00
2016.04.21 05:03:47.244,12.47109,12.47471,0.00,0.00
2016.04.21 05:03:47.302,12.47102,12.47471,0.00,0.00
2016.04.21 05:03:48.156,12.47102,12.4747,0.00,0.00
2016.04.21 05:03:50.137,12.47102,12.47471,0.00,0.00
2016.04.21 05:03:51.642,12.47102,12.4747,0.00,0.00
2016.04.21 05:03:52.145,12.47102,12.47471,0.00,0.00
2016.04.21 05:03:54.254,12.47102,12.4747,0.00,0.00
2016.04.21 05:03:54.837,12.47102,12.47471,0.00,0.00
2016.04.21 05:03:56.208,12.47102,12.4747,0.00,0.00
2016.04.21 05:03:56.845,12.47102,12.47471,0.00,0.00
2016.04.21 05:03:57.505,12.47102,12.4747,0.00,0.00
2016.04.21 05:03:58.070,12.47102,12.47471,0.00,0.00
2016.04.21 05:03:59.057,12.47099,12.47449,0.00,0.00
2016.04.21 05:03:59.107,12.47088,12.47441,0.00,0.00
2016.04.21 05:03:59.158,12.47068,12.47441,0.00,0.00
2016.04.21 05:03:59.219,12.47051,12.47431,0.00,0.00
2016.04.21 05:04:00.478,12.47051,12.4743,0.00,0.00
2016.04.21 05:04:00.529,12.47058,12.4743,0.00,0.00
2016.04.21 05:04:00.669,12.47051,12.4743,0.00,0.00
2016.04.21 05:04:01.281,12.47051,12.47431,0.00,0.00
2016.04.21 05:04:02.282,12.47051,12.4743,0.00,0.00
2016.04.21 05:04:02.883,12.47051,12.47431,0.00,0.00
2016.04.21 05:04:03.814,12.47051,12.4743,0.00,0.00
2016.04.21 05:04:04.424,12.47051,12.47431,0.00,0.00
2016.04.21 05:04:05.196,12.47051,12.4744,0.00,0.00
2016.04.21 05:04:05.247,12.47058,12.4744,0.00,0.00
2016.04.21 05:04:05.789,12.47058,12.47441,0.00,0.00
2016.04.21 05:04:06.516,12.47058,12.4744,0.00,0.00
2016.04.21 05:04:06.567,12.47051,12.4744,0.00,0.00
2016.04.21 05:04:08.395,12.47051,12.47441,0.00,0.00
2016.04.21 05:04:08.896,12.47051,12.4744,0.00,0.00
2016.04.21 05:04:10.838,12.47051,12.47441,0.00,0.00
2016.04.21 05:04:11.016,12.47129,12.47441,0.00,0.00
2016.04.21 05:04:11.067,12.47129,12.47461,0.00,0.00
2016.04.21 05:04:11.118,12.47229,12.47461,0.00,0.00
2016.04.21 05:04:11.168,12.47229,12.47501,0.00,0.00
2016.04.21 05:04:11.701,12.4723,12.475,0.00,0.00
2016.04.21 05:04:12.271,12.47229,12.47501,0.00,0.00
2016.04.21 05:04:12.903,12.4723,12.475,0.00,0.00
2016.04.21 05:04:13.737,12.47229,12.47501,0.00,0.00
2016.04.21 05:04:14.475,12.4723,12.475,0.00,0.00
2016.04.21 05:04:14.808,12.47188,12.47451,0.00,0.00
2016.04.21 05:04:14.858,12.47179,12.47451,0.00,0.00
2016.04.21 05:04:15.047,12.47179,12.47471,0.00,0.00
2016.04.21 05:04:15.830,12.4718,12.4747,0.00,0.00
2016.04.21 05:04:16.488,12.47179,12.47471,0.00,0.00
2016.04.21 05:04:17.016,12.4718,12.4747,0.00,0.00
2016.04.21 05:04:17.583,12.47179,12.47471,0.00,0.00
2016.04.21 05:04:18.244,12.4718,12.4747,0.00,0.00
2016.04.21 05:04:19.016,12.47179,12.47471,0.00,0.00
2016.04.21 05:04:21.020,12.4718,12.4747,0.00,0.00
2016.04.21 05:04:21.521,12.47179,12.47471,0.00,0.00
2016.04.21 05:04:23.574,12.4718,12.4747,0.00,0.00
2016.04.21 05:04:24.239,12.47179,12.47471,0.00,0.00
2016.04.21 05:04:27.133,12.4718,12.4747,0.00,0.00
2016.04.21 05:04:27.534,12.4723,12.47508,0.00,0.00
2016.04.21 05:04:27.685,12.4723,12.4752,0.00,0.00
2016.04.21 05:04:27.882,12.4723,12.4751,0.00,0.00
2016.04.21 05:04:27.935,12.4723,12.4753,0.00,0.00
2016.04.21 05:04:28.436,12.47229,12.47531,0.00,0.00
2016.04.21 05:04:29.037,12.4723,12.4753,0.00,0.00
2016.04.21 05:04:29.581,12.47229,12.47531,0.00,0.00
2016.04.21 05:04:31.563,12.4723,12.4753,0.00,0.00
2016.04.21 05:04:32.173,12.47229,12.47531,0.00,0.00
2016.04.21 05:04:33.046,12.4723,12.4753,0.00,0.00
2016.04.21 05:04:34.048,12.47229,12.47531,0.00,0.00
2016.04.21 05:04:34.873,12.4723,12.4753,0.00,0.00
2016.04.21 05:04:35.451,12.47229,12.47531,0.00,0.00
2016.04.21 05:04:36.501,12.4728,12.4754,0.00,0.00
2016.04.21 05:04:36.602,12.47279,12.47571,0.00,0.00
2016.04.21 05:04:37.154,12.4728,12.4757,0.00,0.00
2016.04.21 05:04:37.655,12.47279,12.47571,0.00,0.00
2016.04.21 05:04:38.003,12.47329,12.47632,0.00,0.00
2016.04.21 05:04:38.056,12.47379,12.47632,0.00,0.00
2016.04.21 05:04:38.107,12.47379,12.47641,0.00,0.00
2016.04.21 05:04:38.158,12.47329,12.47641,0.00,0.00
2016.04.21 05:04:38.259,12.4733,12.4763,0.00,0.00
2016.04.21 05:04:38.360,12.47329,12.47641,0.00,0.00
2016.04.21 05:04:38.886,12.4733,12.4763,0.00,0.00
2016.04.21 05:04:39.475,12.47329,12.47631,0.00,0.00
2016.04.21 05:04:39.885,12.4733,12.4762,0.00,0.00
2016.04.21 05:04:40.362,12.4733,12.4761,0.00,0.00
2016.04.21 05:04:41.220,12.47329,12.47611,0.00,0.00
2016.04.21 05:04:41.763,12.4733,12.4761,0.00,0.00
2016.04.21 05:04:42.665,12.47329,12.47611,0.00,0.00
2016.04.21 05:04:45.171,12.4733,12.4761,0.00,0.00
2016.04.21 05:04:46.002,12.47329,12.47621,0.00,0.00
2016.04.21 05:04:46.576,12.4728,12.4754,0.00,0.00
2016.04.21 05:04:46.677,12.4723,12.4754,0.00,0.00
2016.04.21 05:04:47.250,12.47229,12.47541,0.00,0.00
2016.04.21 05:04:47.879,12.4723,12.4754,0.00,0.00
2016.04.21 05:04:48.883,12.47229,12.47541,0.00,0.00
2016.04.21 05:04:49.384,12.47229,12.47531,0.00,0.00
2016.04.21 05:04:49.485,12.4723,12.4754,0.00,0.00
2016.04.21 05:04:50.188,12.47229,12.47541,0.00,0.00
2016.04.21 05:04:50.689,12.4723,12.4754,0.00,0.00
2016.04.21 05:04:51.509,12.47229,12.47541,0.00,0.00
2016.04.21 05:04:52.194,12.4723,12.4753,0.00,0.00
2016.04.21 05:04:53.196,12.47229,12.47531,0.00,0.00
2016.04.21 05:04:53.705,12.4723,12.4753,0.00,0.00
2016.04.21 05:04:54.393,12.47229,12.47531,0.00,0.00
2016.04.21 05:04:55.103,12.4723,12.4753,0.00,0.00
2016.04.21 05:04:56.005,12.47229,12.47531,0.00,0.00
2016.04.21 05:04:56.607,12.4723,12.4753,0.00,0.00
2016.04.21 05:04:57.018,12.47229,12.47541,0.00,0.00
2016.04.21 05:04:57.609,12.4723,12.4754,0.00,0.00
2016.04.21 05:04:59.213,12.47229,12.47541,0.00,0.00
2016.04.21 05:04:59.745,12.4723,12.4752,0.00,0.00
2016.04.21 05:04:59.965,12.47239,12.47531,0.00,0.00
2016.04.21 05:05:00.066,12.47229,12.47522,0.00,0.00
2016.04.21 05:05:00.167,12.47229,12.47531,0.00,0.00
2016.04.21 05:05:00.431,12.47229,12.47541,0.00,0.00
2016.04.21 05:05:01.017,12.4723,12.4754,0.00,0.00
2016.04.21 05:05:01.243,12.4723,12.4753,0.00,0.00
2016.04.21 05:05:01.350,12.47188,12.47508,0.00,0.00
2016.04.21 05:05:01.401,12.4718,12.47508,0.00,0.00
2016.04.21 05:05:01.922,12.47179,12.47508,0.00,0.00
2016.04.21 05:05:02.426,12.47229,12.47522,0.00,0.00
2016.04.21 05:05:02.477,12.47229,12.47531,0.00,0.00
2016.04.21 05:05:02.629,12.4723,12.4752,0.00,0.00
2016.04.21 05:05:02.926,12.4723,12.4754,0.00,0.00
2016.04.21 05:05:03.459,12.47229,12.47541,0.00,0.00
2016.04.21 05:05:03.662,12.47239,12.47541,0.00,0.00
2016.04.21 05:05:04.022,12.47279,12.47541,0.00,0.00
2016.04.21 05:05:04.174,12.4723,12.4754,0.00,0.00
2016.04.21 05:05:04.430,12.47279,12.47541,0.00,0.00
2016.04.21 05:05:04.531,12.47238,12.4754,0.00,0.00
2016.04.21 05:05:04.682,12.47229,12.47541,0.00,0.00
2016.04.21 05:05:05.130,12.4723,12.4753,0.00,0.00
2016.04.21 05:05:05.727,12.47229,12.47541,0.00,0.00
2016.04.21 05:05:06.233,12.4723,12.4754,0.00,0.00
2016.04.21 05:05:06.734,12.47229,12.47541,0.00,0.00
2016.04.21 05:05:09.459,12.4723,12.4754,0.00,0.00
2016.04.21 05:05:09.967,12.47229,12.47541,0.00,0.00
2016.04.21 05:05:10.627,12.4723,12.4754,0.00,0.00
2016.04.21 05:05:11.215,12.47229,12.47541,0.00,0.00
2016.04.21 05:05:12.053,12.4723,12.4754,0.00,0.00
2016.04.21 05:05:12.264,12.47188,12.4744,0.00,0.00
2016.04.21 05:05:12.323,12.4718,12.4744,0.00,0.00
2016.04.21 05:05:12.374,12.47139,12.47441,0.00,0.00
2016.04.21 05:05:12.604,12.47129,12.47441,0.00,0.00
2016.04.21 05:05:13.142,12.4713,12.4744,0.00,0.00
2016.04.21 05:05:13.756,12.47129,12.47441,0.00,0.00
2016.04.21 05:05:15.960,12.4713,12.4744,0.00,0.00
2016.04.21 05:05:16.762,12.47129,12.47441,0.00,0.00
2016.04.21 05:05:17.140,12.47141,12.47441,0.00,0.00
2016.04.21 05:05:17.191,12.47141,12.47512,0.00,0.00
2016.04.21 05:05:17.241,12.47188,12.47512,0.00,0.00
2016.04.21 05:05:17.614,12.47188,12.4753,0.00,0.00
2016.04.21 05:05:17.715,12.47188,12.47521,0.00,0.00
2016.04.21 05:05:19.215,12.47188,12.47511,0.00,0.00
2016.04.21 05:05:19.316,12.47188,12.47532,0.00,0.00
2016.04.21 05:05:19.418,12.47188,12.47541,0.00,0.00
2016.04.21 05:05:19.798,12.47279,12.47512,0.00,0.00
2016.04.21 05:05:19.899,12.47279,12.47541,0.00,0.00
2016.04.21 05:05:20.783,12.4728,12.4754,0.00,0.00
2016.04.21 05:05:21.372,12.47279,12.47541,0.00,0.00
2016.04.21 05:05:22.875,12.4728,12.4754,0.00,0.00
2016.04.21 05:05:23.376,12.47279,12.47541,0.00,0.00
2016.04.21 05:05:23.989,12.4728,12.4754,0.00,0.00
2016.04.21 05:05:24.507,12.47279,12.47541,0.00,0.00
2016.04.21 05:05:25.380,12.4728,12.4754,0.00,0.00
2016.04.21 05:05:26.382,12.47279,12.47541,0.00,0.00
2016.04.21 05:05:27.384,12.4728,12.4754,0.00,0.00
2016.04.21 05:05:27.885,12.47279,12.47541,0.00,0.00
2016.04.21 05:05:28.511,12.4728,12.4754,0.00,0.00
2016.04.21 05:05:29.226,12.47279,12.47541,0.00,0.00
2016.04.21 05:05:29.990,12.4728,12.4754,0.00,0.00
2016.04.21 05:05:31.207,12.47279,12.47541,0.00,0.00
2016.04.21 05:05:32.896,12.4728,12.4754,0.00,0.00
2016.04.21 05:05:34.474,12.47279,12.47541,0.00,0.00
2016.04.21 05:05:35.301,12.4728,12.4754,0.00,0.00
2016.04.21 05:05:36.313,12.47279,12.47541,0.00,0.00
2016.04.21 05:05:36.855,12.4728,12.4754,0.00,0.00
2016.04.21 05:05:37.805,12.47279,12.47541,0.00,0.00
2016.04.21 05:05:38.807,12.4728,12.4754,0.00,0.00
2016.04.21 05:05:38.908,12.47329,12.47598,0.00,0.00
2016.04.21 05:05:39.060,12.4733,12.4762,0.00,0.00
2016.04.21 05:05:39.161,12.47329,12.47641,0.00,0.00
2016.04.21 05:05:40.211,12.4733,12.4764,0.00,0.00
2016.04.21 05:05:41.415,12.47329,12.47641,0.00,0.00
2016.04.21 05:05:43.520,12.4733,12.4764,0.00,0.00
2016.04.21 05:05:44.022,12.47329,12.47641,0.00,0.00
2016.04.21 05:05:46.025,12.4733,12.4764,0.00,0.00
2016.04.21 05:05:46.526,12.47329,12.47641,0.00,0.00
2016.04.21 05:05:47.538,12.4733,12.4764,0.00,0.00
2016.04.21 05:05:48.340,12.47329,12.47641,0.00,0.00
2016.04.21 05:05:49.041,12.4733,12.4764,0.00,0.00
2016.04.21 05:05:49.843,12.47329,12.47641,0.00,0.00
2016.04.21 05:05:51.347,12.4733,12.4764,0.00,0.00
2016.04.21 05:05:51.848,12.47329,12.47641,0.00,0.00
2016.04.21 05:05:52.850,12.4733,12.4764,0.00,0.00
2016.04.21 05:05:53.615,12.47339,12.4764,0.00,0.00
2016.04.21 05:05:53.752,12.47429,12.47731,0.00,0.00
2016.04.21 05:05:54.253,12.4743,12.4773,0.00,0.00
2016.04.21 05:05:54.702,12.47429,12.47741,0.00,0.00
2016.04.21 05:05:54.847,12.47442,12.47741,0.00,0.00
2016.04.21 05:05:55.156,12.47479,12.47749,0.00,0.00
2016.04.21 05:05:55.206,12.47479,12.47771,0.00,0.00
2016.04.21 05:05:55.257,12.47488,12.47771,0.00,0.00
2016.04.21 05:05:55.409,12.47452,12.4775,0.00,0.00
2016.04.21 05:05:55.460,12.47452,12.47732,0.00,0.00
2016.04.21 05:05:55.547,12.47452,12.47751,0.00,0.00
2016.04.21 05:05:55.791,12.47452,12.47771,0.00,0.00
2016.04.21 05:05:56.054,12.47452,12.47762,0.00,0.00
2016.04.21 05:05:56.105,12.47438,12.47762,0.00,0.00
2016.04.21 05:05:56.155,12.47438,12.47752,0.00,0.00
2016.04.21 05:05:56.256,12.47438,12.47761,0.00,0.00
2016.04.21 05:05:56.991,12.47438,12.47748,0.00,0.00
2016.04.21 05:05:57.041,12.47392,12.47748,0.00,0.00
2016.04.21 05:05:57.092,12.47429,12.47732,0.00,0.00
2016.04.21 05:05:57.152,12.47429,12.47741,0.00,0.00
2016.04.21 05:05:57.253,12.47438,12.47741,0.00,0.00
2016.04.21 05:05:57.561,12.47479,12.47741,0.00,0.00
2016.04.21 05:05:58.970,12.4748,12.4774,0.00,0.00
2016.04.21 05:05:59.583,12.47479,12.47741,0.00,0.00
2016.04.21 05:06:00.968,12.4748,12.4774,0.00,0.00
2016.04.21 05:06:01.469,12.47479,12.47741,0.00,0.00
2016.04.21 05:06:02.281,12.47479,12.47798,0.00,0.00
2016.04.21 05:06:02.458,12.47479,12.47808,0.00,0.00
2016.04.21 05:06:02.612,12.4753,12.47809,0.00,0.00
2016.04.21 05:06:02.713,12.47529,12.47821,0.00,0.00
2016.04.21 05:06:02.972,12.47529,12.47841,0.00,0.00
2016.04.21 05:06:03.874,12.4753,12.4784,0.00,0.00
2016.04.21 05:06:04.472,12.47529,12.47832,0.00,0.00
2016.04.21 05:06:04.573,12.4753,12.4784,0.00,0.00
2016.04.21 05:06:05.125,12.47529,12.47841,0.00,0.00
2016.04.21 05:06:05.521,12.47579,12.47841,0.00,0.00
2016.04.21 05:06:05.924,12.47529,12.47841,0.00,0.00
2016.04.21 05:06:06.495,12.4753,12.4784,0.00,0.00
2016.04.21 05:06:07.081,12.47529,12.47841,0.00,0.00
2016.04.21 05:06:10.590,12.4753,12.4784,0.00,0.00
2016.04.21 05:06:11.617,12.47529,12.47841,0.00,0.00
2016.04.21 05:06:12.541,12.4753,12.4784,0.00,0.00
2016.04.21 05:06:13.131,12.47529,12.47841,0.00,0.00
2016.04.21 05:06:14.396,12.4753,12.4784,0.00,0.00
2016.04.21 05:06:15.147,12.47529,12.47841,0.00,0.00
2016.04.21 05:06:15.799,12.4753,12.4784,0.00,0.00
2016.04.21 05:06:16.532,12.47529,12.47841,0.00,0.00
2016.04.21 05:06:16.901,12.47529,12.47831,0.00,0.00
2016.04.21 05:06:17.523,12.47529,12.47841,0.00,0.00
2016.04.21 05:06:17.811,12.47488,12.47771,0.00,0.00
2016.04.21 05:06:18.113,12.47529,12.47771,0.00,0.00
2016.04.21 05:06:18.417,12.47529,12.47841,0.00,0.00
2016.04.21 05:06:19.406,12.4753,12.4784,0.00,0.00
2016.04.21 05:06:19.907,12.47529,12.47841,0.00,0.00
2016.04.21 05:06:20.408,12.4753,12.4784,0.00,0.00
2016.04.21 05:06:21.105,12.47529,12.47841,0.00,0.00
2016.04.21 05:06:26.543,12.4753,12.4784,0.00,0.00
2016.04.21 05:06:27.153,12.47529,12.47841,0.00,0.00
2016.04.21 05:06:27.814,12.4753,12.4784,0.00,0.00
2016.04.21 05:06:28.463,12.47529,12.47841,0.00,0.00
2016.04.21 05:06:28.737,12.4758,12.4784,0.00,0.00
2016.04.21 05:06:28.838,12.47538,12.47841,0.00,0.00
2016.04.21 05:06:28.939,12.47529,12.47841,0.00,0.00
2016.04.21 05:06:29.274,12.47529,12.47832,0.00,0.00
2016.04.21 05:06:29.775,12.4753,12.4784,0.00,0.00
2016.04.21 05:06:30.326,12.47529,12.47841,0.00,0.00
2016.04.21 05:06:30.836,12.4753,12.4784,0.00,0.00
2016.04.21 05:06:31.445,12.47529,12.47841,0.00,0.00
2016.04.21 05:06:32.530,12.4753,12.4784,0.00,0.00
2016.04.21 05:06:32.744,12.47552,12.47859,0.00,0.00
2016.04.21 05:06:32.981,12.47588,12.47901,0.00,0.00
2016.04.21 05:06:33.082,12.47588,12.47891,0.00,0.00
2016.04.21 05:06:33.183,12.47588,12.47912,0.00,0.00
2016.04.21 05:06:35.736,12.47629,12.47912,0.00,0.00
2016.04.21 05:06:35.788,12.47629,12.47921,0.00,0.00
2016.04.21 05:06:37.640,12.4763,12.47932,0.00,0.00
2016.04.21 05:06:37.741,12.47629,12.47941,0.00,0.00
2016.04.21 05:06:38.642,12.4763,12.4794,0.00,0.00
2016.04.21 05:06:39.143,12.47629,12.47941,0.00,0.00
2016.04.21 05:06:39.688,12.4763,12.4794,0.00,0.00
2016.04.21 05:06:40.367,12.47629,12.47941,0.00,0.00
2016.04.21 05:06:41.020,12.4763,12.4794,0.00,0.00
2016.04.21 05:06:41.848,12.47629,12.47941,0.00,0.00
2016.04.21 05:06:42.060,12.4768,12.4794,0.00,0.00
2016.04.21 05:06:42.583,12.47729,12.47949,0.00,0.00
2016.04.21 05:06:42.735,12.4773,12.4801,0.00,0.00
2016.04.21 05:06:43.087,12.4773,12.4803,0.00,0.00
2016.04.21 05:06:43.251,12.4773,12.4804,0.00,0.00
2016.04.21 05:06:43.657,12.47729,12.48032,0.00,0.00
2016.04.21 05:06:44.296,12.47729,12.48041,0.00,0.00
2016.04.21 05:06:44.800,12.4773,12.4804,0.00,0.00
2016.04.21 05:06:44.904,12.47729,12.48032,0.00,0.00
2016.04.21 05:06:45.103,12.4773,12.4804,0.00,0.00
2016.04.21 05:06:45.856,12.47729,12.48041,0.00,0.00
2016.04.21 05:06:46.057,12.47688,12.48041,0.00,0.00
2016.04.21 05:06:46.158,12.47652,12.4801,0.00,0.00
2016.04.21 05:06:46.309,12.47652,12.48002,0.00,0.00
2016.04.21 05:06:46.608,12.47652,12.4801,0.00,0.00
2016.04.21 05:06:47.159,12.47652,12.48011,0.00,0.00
2016.04.21 05:06:48.562,12.47652,12.4801,0.00,0.00
2016.04.21 05:06:48.612,12.47652,12.48002,0.00,0.00
2016.04.21 05:06:48.962,12.47652,12.47991,0.00,0.00
2016.04.21 05:06:49.013,12.47652,12.48002,0.00,0.00
2016.04.21 05:06:49.064,12.47652,12.47931,0.00,0.00
2016.04.21 05:06:50.164,12.47652,12.4793,0.00,0.00
2016.04.21 05:06:50.666,12.47652,12.47931,0.00,0.00
2016.04.21 05:06:51.550,12.47751,12.47931,0.00,0.00
2016.04.21 05:06:51.600,12.47751,12.48021,0.00,0.00
2016.04.21 05:06:53.571,12.47751,12.4802,0.00,0.00
2016.04.21 05:06:54.573,12.47751,12.48021,0.00,0.00
2016.04.21 05:06:55.084,12.47751,12.4802,0.00,0.00
2016.04.21 05:06:55.745,12.47751,12.48021,0.00,0.00
2016.04.21 05:06:57.278,12.47751,12.4807,0.00,0.00
2016.04.21 05:06:58.105,12.47759,12.48092,0.00,0.00
2016.04.21 05:06:58.180,12.47751,12.48092,0.00,0.00
2016.04.21 05:06:58.338,12.47751,12.48131,0.00,0.00
2016.04.21 05:06:58.687,12.47751,12.48121,0.00,0.00
2016.04.21 05:06:58.931,12.47751,12.48132,0.00,0.00
2016.04.21 05:06:59.032,12.47751,12.48112,0.00,0.00
2016.04.21 05:06:59.336,12.47751,12.48122,0.00,0.00
2016.04.21 05:06:59.437,12.47751,12.48112,0.00,0.00
2016.04.21 05:06:59.538,12.47751,12.48121,0.00,0.00
2016.04.21 05:07:01.136,12.47751,12.48111,0.00,0.00
2016.04.21 05:07:01.637,12.47751,12.48121,0.00,0.00
2016.04.21 05:07:02.910,12.47751,12.48101,0.00,0.00
2016.04.21 05:07:03.714,12.47751,12.48122,0.00,0.00
2016.04.21 05:07:03.841,12.47751,12.48141,0.00,0.00
2016.04.21 05:07:04.318,12.47751,12.48121,0.00,0.00
2016.04.21 05:07:04.419,12.47751,12.48131,0.00,0.00
2016.04.21 05:07:04.619,12.47751,12.48121,0.00,0.00
2016.04.21 05:07:04.720,12.47751,12.48132,0.00,0.00
2016.04.21 05:07:05.202,12.47751,12.48122,0.00,0.00
2016.04.21 05:07:05.424,12.47751,12.48132,0.00,0.00
2016.04.21 05:07:05.594,12.4777,12.48132,0.00,0.00
2016.04.21 05:07:05.831,12.47769,12.48141,0.00,0.00
2016.04.21 05:07:05.881,12.47819,12.48141,0.00,0.00
2016.04.21 05:07:06.101,12.47851,12.48232,0.00,0.00
2016.04.21 05:07:06.335,12.47851,12.48211,0.00,0.00
2016.04.21 05:07:06.436,12.47851,12.48221,0.00,0.00
2016.04.21 05:07:06.547,12.47851,12.48241,0.00,0.00
2016.04.21 05:07:06.847,12.47851,12.48222,0.00,0.00
2016.04.21 05:07:06.948,12.47851,12.48232,0.00,0.00
2016.04.21 05:07:07.244,12.47869,12.48248,0.00,0.00
2016.04.21 05:07:07.565,12.479,12.48231,0.00,0.00
2016.04.21 05:07:07.616,12.47891,12.48231,0.00,0.00
2016.04.21 05:07:07.687,12.47859,12.48231,0.00,0.00
2016.04.21 05:07:07.848,12.4786,12.4825,0.00,0.00
2016.04.21 05:07:07.899,12.47879,12.48251,0.00,0.00
2016.04.21 05:07:08.202,12.4788,12.48249,0.00,0.00
2016.04.21 05:07:08.739,12.47869,12.48242,0.00,0.00
2016.04.21 05:07:08.815,12.47869,12.48222,0.00,0.00
2016.04.21 05:07:09.001,12.47851,12.48222,0.00,0.00
2016.04.21 05:07:10.154,12.47851,12.48241,0.00,0.00
2016.04.21 05:07:10.431,12.47851,12.48231,0.00,0.00
2016.04.21 05:07:10.757,12.48019,12.48231,0.00,0.00
2016.04.21 05:07:10.858,12.47899,12.48221,0.00,0.00
2016.04.21 05:07:11.372,12.479,12.4822,0.00,0.00
2016.04.21 05:07:11.505,12.479,12.4823,0.00,0.00
2016.04.21 05:07:11.707,12.479,12.4822,0.00,0.00
2016.04.21 05:07:12.362,12.47899,12.48221,0.00,0.00
2016.04.21 05:07:13.108,12.47852,12.4824,0.00,0.00
2016.04.21 05:07:13.709,12.47852,12.48241,0.00,0.00
2016.04.21 05:07:14.141,12.47852,12.48248,0.00,0.00
2016.04.21 05:07:14.411,12.47852,12.4824,0.00,0.00
2016.04.21 05:07:14.713,12.47891,12.48231,0.00,0.00
2016.04.21 05:07:14.764,12.47868,12.48231,0.00,0.00
2016.04.21 05:07:14.890,12.47851,12.48231,0.00,0.00
2016.04.21 05:07:15.130,12.47851,12.48241,0.00,0.00
2016.04.21 05:07:15.316,12.47851,12.4825,0.00,0.00
2016.04.21 05:07:15.917,12.47851,12.48249,0.00,0.00
2016.04.21 05:07:16.218,12.47851,12.48241,0.00,0.00
2016.04.21 05:07:16.921,12.47851,12.4824,0.00,0.00
2016.04.21 05:07:17.529,12.47851,12.48241,0.00,0.00
2016.04.21 05:07:17.831,12.47851,12.48161,0.00,0.00
2016.04.21 05:07:18.024,12.47919,12.48241,0.00,0.00
2016.04.21 05:07:18.612,12.47899,12.48261,0.00,0.00
2016.04.21 05:07:18.713,12.47902,12.4826,0.00,0.00
2016.04.21 05:07:18.763,12.47902,12.4828,0.00,0.00
2016.04.21 05:07:20.179,12.47902,12.48281,0.00,0.00
2016.04.21 05:07:20.880,12.47902,12.4828,0.00,0.00
2016.04.21 05:07:22.138,12.47902,12.48281,0.00,0.00
2016.04.21 05:07:22.639,12.47902,12.4828,0.00,0.00
2016.04.21 05:07:23.465,12.47902,12.48249,0.00,0.00
2016.04.21 05:07:23.577,12.47851,12.48249,0.00,0.00
2016.04.21 05:07:24.986,12.47851,12.48251,0.00,0.00
2016.04.21 05:07:25.037,12.47868,12.48251,0.00,0.00
2016.04.21 05:07:25.449,12.47901,12.48281,0.00,0.00
2016.04.21 05:07:26.275,12.47949,12.48309,0.00,0.00
2016.04.21 05:07:26.326,12.47951,12.48331,0.00,0.00
2016.04.21 05:07:26.752,12.47951,12.48348,0.00,0.00
2016.04.21 05:07:28.194,12.47979,12.48348,0.00,0.00
2016.04.21 05:07:28.506,12.48049,12.48421,0.00,0.00
2016.04.21 05:07:28.707,12.48049,12.48401,0.00,0.00
2016.04.21 05:07:28.808,12.4805,12.48432,0.00,0.00
2016.04.21 05:07:28.910,12.4805,12.4844,0.00,0.00
2016.04.21 05:07:29.011,12.4805,12.48432,0.00,0.00
2016.04.21 05:07:29.362,12.48051,12.48422,0.00,0.00
2016.04.21 05:07:30.398,12.48051,12.48412,0.00,0.00
2016.04.21 05:07:30.533,12.4805,12.48422,0.00,0.00
2016.04.21 05:07:30.583,12.48119,12.48481,0.00,0.00
2016.04.21 05:07:30.685,12.48099,12.48481,0.00,0.00
2016.04.21 05:07:31.796,12.48129,12.48449,0.00,0.00
2016.04.21 05:07:32.112,12.4815,12.48449,0.00,0.00
2016.04.21 05:07:32.305,12.48051,12.48421,0.00,0.00
2016.04.21 05:07:32.406,12.48051,12.48431,0.00,0.00
2016.04.21 05:07:33.587,12.48051,12.48449,0.00,0.00
2016.04.21 05:07:35.669,12.4806,12.48449,0.00,0.00
2016.04.21 05:07:36.872,12.48059,12.48449,0.00,0.00
2016.04.21 05:07:37.475,12.4806,12.48449,0.00,0.00
2016.04.21 05:07:37.974,12.48051,12.48449,0.00,0.00
2016.04.21 05:07:38.617,12.48051,12.48441,0.00,0.00
2016.04.21 05:07:38.976,12.48051,12.48431,0.00,0.00
2016.04.21 05:07:39.978,12.48051,12.4843,0.00,0.00
2016.04.21 05:07:40.227,12.48051,12.4844,0.00,0.00
2016.04.21 05:07:40.871,12.48051,12.48441,0.00,0.00
2016.04.21 05:07:41.481,12.48051,12.4844,0.00,0.00
2016.04.21 05:07:42.027,12.48051,12.48441,0.00,0.00
2016.04.21 05:07:42.830,12.48051,12.4843,0.00,0.00
2016.04.21 05:07:43.132,12.48029,12.48382,0.00,0.00
2016.04.21 05:07:43.633,12.4803,12.48382,0.00,0.00
2016.04.21 05:07:44.173,12.48029,12.48382,0.00,0.00
2016.04.21 05:07:44.687,12.4803,12.48382,0.00,0.00
2016.04.21 05:07:45.082,12.48029,12.48391,0.00,0.00
2016.04.21 05:07:45.183,12.48029,12.48401,0.00,0.00
2016.04.21 05:07:45.594,12.48029,12.48392,0.00,0.00
2016.04.21 05:07:46.152,12.4803,12.48392,0.00,0.00
2016.04.21 05:07:46.494,12.48051,12.48409,0.00,0.00
2016.04.21 05:07:46.545,12.48051,12.48432,0.00,0.00
2016.04.21 05:07:46.701,12.48051,12.48411,0.00,0.00
2016.04.21 05:07:48.286,12.48051,12.48432,0.00,0.00
2016.04.21 05:07:49.187,12.48051,12.48441,0.00,0.00
2016.04.21 05:07:49.768,12.48051,12.48442,0.00,0.00
2016.04.21 05:07:49.819,12.4808,12.48449,0.00,0.00
2016.04.21 05:07:50.401,12.48079,12.48449,0.00,0.00
2016.04.21 05:07:51.418,12.48151,12.48468,0.00,0.00
2016.04.21 05:07:51.469,12.48151,12.48472,0.00,0.00
2016.04.21 05:07:51.520,12.48151,12.48521,0.00,0.00
2016.04.21 05:07:51.628,12.48151,12.4853,0.00,0.00
2016.04.21 05:07:51.930,12.48151,12.48512,0.00,0.00
2016.04.21 05:07:52.290,12.48151,12.48502,0.00,0.00
2016.04.21 05:07:52.341,12.48151,12.48521,0.00,0.00
2016.04.21 05:07:52.391,12.48151,12.48491,0.00,0.00
2016.04.21 05:07:52.735,12.48151,12.4851,0.00,0.00
2016.04.21 05:07:53.308,12.48151,12.48511,0.00,0.00
2016.04.21 05:07:54.396,12.48151,12.48501,0.00,0.00
2016.04.21 05:07:55.195,12.48151,12.4851,0.00,0.00
2016.04.21 05:07:55.976,12.48152,12.4851,0.00,0.00
2016.04.21 05:07:56.497,12.48152,12.48501,0.00,0.00
2016.04.21 05:07:56.897,12.48152,12.48511,0.00,0.00
2016.04.21 05:07:56.998,12.48152,12.48501,0.00,0.00
2016.04.21 05:07:57.498,12.48152,12.48482,0.00,0.00
2016.04.21 05:07:57.599,12.48152,12.4849,0.00,0.00
2016.04.21 05:07:58.453,12.48152,12.48491,0.00,0.00
2016.04.21 05:07:59.000,12.48152,12.48511,0.00,0.00
2016.04.21 05:07:59.202,12.48168,12.48511,0.00,0.00
2016.04.21 05:07:59.353,12.48168,12.48521,0.00,0.00
2016.04.21 05:07:59.404,12.48168,12.48502,0.00,0.00
2016.04.21 05:07:59.454,12.48151,12.48502,0.00,0.00
2016.04.21 05:07:59.701,12.48151,12.48521,0.00,0.00
2016.04.21 05:07:59.901,12.48151,12.48511,0.00,0.00
2016.04.21 05:08:00.203,12.48151,12.4852,0.00,0.00
2016.04.21 05:08:00.511,12.48151,12.48512,0.00,0.00
2016.04.21 05:08:00.612,12.48151,12.4852,0.00,0.00
2016.04.21 05:08:00.663,12.48151,12.48501,0.00,0.00
2016.04.21 05:08:00.997,12.48129,12.48391,0.00,0.00
2016.04.21 05:08:01.154,12.48051,12.48401,0.00,0.00
2016.04.21 05:08:01.305,12.48051,12.48382,0.00,0.00
2016.04.21 05:08:01.406,12.48051,12.48392,0.00,0.00
2016.04.21 05:08:01.507,12.48051,12.48381,0.00,0.00
2016.04.21 05:08:01.608,12.48051,12.48392,0.00,0.00
2016.04.21 05:08:01.709,12.48051,12.48401,0.00,0.00
2016.04.21 05:08:01.760,12.48109,12.48402,0.00,0.00
2016.04.21 05:08:01.811,12.48109,12.48421,0.00,0.00
2016.04.21 05:08:01.962,12.4823,12.48442,0.00,0.00
2016.04.21 05:08:02.013,12.4823,12.48469,0.00,0.00
2016.04.21 05:08:02.171,12.48149,12.48511,0.00,0.00
2016.04.21 05:08:02.222,12.48149,12.48501,0.00,0.00
2016.04.21 05:08:02.652,12.4815,12.48491,0.00,0.00
2016.04.21 05:08:03.007,12.48151,12.48472,0.00,0.00
2016.04.21 05:08:03.207,12.48151,12.48501,0.00,0.00
2016.04.21 05:08:03.258,12.48151,12.4851,0.00,0.00
2016.04.21 05:08:03.309,12.48151,12.48491,0.00,0.00
2016.04.21 05:08:03.659,12.48151,12.48462,0.00,0.00
2016.04.21 05:08:03.710,12.48129,12.48462,0.00,0.00
2016.04.21 05:08:03.924,12.48129,12.48452,0.00,0.00
2016.04.21 05:08:04.314,12.48129,12.48461,0.00,0.00
2016.04.21 05:08:04.710,12.48129,12.48481,0.00,0.00
2016.04.21 05:08:04.910,12.4813,12.48462,0.00,0.00
2016.04.21 05:08:05.472,12.48129,12.48462,0.00,0.00
2016.04.21 05:08:06.461,12.4813,12.48462,0.00,0.00
2016.04.21 05:08:06.802,12.48129,12.48449,0.00,0.00
2016.04.21 05:08:07.054,12.4812,12.48442,0.00,0.00
2016.04.21 05:08:07.155,12.4812,12.48449,0.00,0.00
2016.04.21 05:08:07.462,12.48102,12.48449,0.00,0.00
2016.04.21 05:08:07.703,12.48102,12.48452,0.00,0.00
2016.04.21 05:08:07.839,12.48118,12.48481,0.00,0.00
2016.04.21 05:08:07.890,12.48149,12.48481,0.00,0.00
2016.04.21 05:08:07.940,12.48149,12.48508,0.00,0.00
2016.04.21 05:08:07.991,12.48149,12.48511,0.00,0.00
2016.04.21 05:08:08.115,12.48149,12.48502,0.00,0.00
2016.04.21 05:08:08.604,12.48151,12.48502,0.00,0.00
2016.04.21 05:08:10.157,12.48151,12.4851,0.00,0.00
2016.04.21 05:08:10.820,12.48151,12.48511,0.00,0.00
2016.04.21 05:08:10.921,12.48151,12.48482,0.00,0.00
2016.04.21 05:08:12.320,12.48151,12.48472,0.00,0.00
2016.04.21 05:08:12.555,12.48151,12.48482,0.00,0.00
2016.04.21 05:08:12.670,12.48151,12.48511,0.00,0.00
2016.04.21 05:08:12.851,12.48151,12.48481,0.00,0.00
2016.04.21 05:08:13.650,12.48151,12.48502,0.00,0.00
2016.04.21 05:08:14.222,12.48151,12.4851,0.00,0.00
2016.04.21 05:08:14.323,12.48151,12.48491,0.00,0.00
2016.04.21 05:08:14.531,12.48151,12.48501,0.00,0.00
2016.04.21 05:08:14.632,12.48151,12.48511,0.00,0.00
2016.04.21 05:08:15.023,12.48151,12.48502,0.00,0.00
2016.04.21 05:08:15.443,12.48151,12.48491,0.00,0.00
2016.04.21 05:08:16.225,12.48151,12.48502,0.00,0.00
2016.04.21 05:08:16.326,12.48151,12.48491,0.00,0.00
2016.04.21 05:08:16.725,12.48151,12.48502,0.00,0.00
2016.04.21 05:08:19.656,12.48099,12.48451,0.00,0.00
2016.04.21 05:08:19.707,12.481,12.4848,0.00,0.00
2016.04.21 05:08:19.758,12.481,12.48422,0.00,0.00
2016.04.21 05:08:19.859,12.48099,12.48442,0.00,0.00
2016.04.21 05:08:19.960,12.48091,12.48462,0.00,0.00
2016.04.21 05:08:20.061,12.48091,12.48432,0.00,0.00
2016.04.21 05:08:20.162,12.48091,12.48452,0.00,0.00
2016.04.21 05:08:20.230,12.48091,12.48432,0.00,0.00
2016.04.21 05:08:20.659,12.48069,12.48422,0.00,0.00
2016.04.21 05:08:20.760,12.48069,12.48411,0.00,0.00
2016.04.21 05:08:20.861,12.48069,12.48422,0.00,0.00
2016.04.21 05:08:20.912,12.48051,12.48422,0.00,0.00
2016.04.21 05:08:20.962,12.48051,12.48412,0.00,0.00
2016.04.21 05:08:22.037,12.48051,12.48391,0.00,0.00
2016.04.21 05:08:22.333,12.48051,12.48412,0.00,0.00
2016.04.21 05:08:22.434,12.48051,12.48401,0.00,0.00
2016.04.21 05:08:22.753,12.48051,12.48391,0.00,0.00
2016.04.21 05:08:22.854,12.48051,12.48401,0.00,0.00
2016.04.21 05:08:23.394,12.48051,12.484,0.00,0.00
2016.04.21 05:08:23.925,12.48051,12.48401,0.00,0.00
2016.04.21 05:08:24.237,12.48051,12.48421,0.00,0.00
2016.04.21 05:08:24.938,12.48051,12.48392,0.00,0.00
2016.04.21 05:08:27.841,12.48041,12.48392,0.00,0.00
2016.04.21 05:08:27.892,12.48042,12.48331,0.00,0.00
2016.04.21 05:08:27.993,12.47988,12.48321,0.00,0.00
2016.04.21 05:08:28.043,12.47968,12.48301,0.00,0.00
2016.04.21 05:08:28.194,12.47951,12.48291,0.00,0.00
2016.04.21 05:08:28.471,12.47951,12.48312,0.00,0.00
2016.04.21 05:08:28.543,12.47951,12.48322,0.00,0.00
2016.04.21 05:08:29.295,12.47952,12.48322,0.00,0.00
2016.04.21 05:08:29.486,12.47968,12.48322,0.00,0.00
2016.04.21 05:08:29.637,12.47968,12.48331,0.00,0.00
2016.04.21 05:08:29.688,12.47951,12.48322,0.00,0.00
2016.04.21 05:08:30.499,12.47969,12.48322,0.00,0.00
2016.04.21 05:08:30.549,12.47969,12.48332,0.00,0.00
2016.04.21 05:08:31.100,12.4797,12.48332,0.00,0.00
2016.04.21 05:08:31.247,12.4797,12.48322,0.00,0.00
2016.04.21 05:08:32.148,12.47969,12.48322,0.00,0.00
2016.04.21 05:08:33.137,12.47959,12.48322,0.00,0.00
2016.04.21 05:08:33.257,12.47959,12.48312,0.00,0.00
2016.04.21 05:08:33.522,12.47951,12.48312,0.00,0.00
2016.04.21 05:08:33.758,12.47951,12.48302,0.00,0.00
2016.04.21 05:08:34.360,12.47951,12.48311,0.00,0.00
2016.04.21 05:08:34.461,12.47951,12.48292,0.00,0.00
2016.04.21 05:08:34.652,12.47951,12.48301,0.00,0.00
2016.04.21 05:08:35.264,12.47951,12.48292,0.00,0.00
2016.04.21 05:08:35.506,12.47951,12.48301,0.00,0.00
2016.04.21 05:08:35.557,12.47951,12.48312,0.00,0.00
2016.04.21 05:08:36.372,12.47951,12.48301,0.00,0.00
2016.04.21 05:08:36.830,12.47951,12.48292,0.00,0.00
2016.04.21 05:08:37.167,12.48051,12.4838,0.00,0.00
2016.04.21 05:08:37.768,12.48051,12.48372,0.00,0.00
2016.04.21 05:08:37.870,12.48051,12.4838,0.00,0.00
2016.04.21 05:08:38.473,12.48051,12.48381,0.00,0.00
2016.04.21 05:08:38.862,12.48051,12.48401,0.00,0.00
2016.04.21 05:08:38.971,12.48051,12.48411,0.00,0.00
2016.04.21 05:08:39.022,12.48069,12.48411,0.00,0.00
2016.04.21 05:08:39.072,12.48069,12.48421,0.00,0.00
2016.04.21 05:08:39.274,12.4807,12.48432,0.00,0.00
2016.04.21 05:08:39.523,12.48059,12.48432,0.00,0.00
2016.04.21 05:08:39.574,12.48059,12.48411,0.00,0.00
2016.04.21 05:08:39.901,12.48079,12.48411,0.00,0.00
2016.04.21 05:08:40.002,12.48079,12.48432,0.00,0.00
2016.04.21 05:08:41.041,12.4807,12.48421,0.00,0.00
2016.04.21 05:08:42.644,12.48069,12.48421,0.00,0.00
2016.04.21 05:08:42.928,12.48051,12.48421,0.00,0.00
2016.04.21 05:08:42.980,12.48051,12.48402,0.00,0.00
2016.04.21 05:08:45.008,12.48051,12.48411,0.00,0.00
2016.04.21 05:08:45.109,12.48051,12.48391,0.00,0.00
2016.04.21 05:08:45.871,12.48051,12.48401,0.00,0.00
2016.04.21 05:08:46.753,12.48051,12.48351,0.00,0.00
2016.04.21 05:08:46.811,12.48029,12.48351,0.00,0.00
2016.04.21 05:08:46.912,12.48029,12.48321,0.00,0.00
2016.04.21 05:08:47.175,12.4803,12.4835,0.00,0.00
2016.04.21 05:08:47.737,12.48029,12.48351,0.00,0.00
2016.04.21 05:08:48.005,12.48029,12.48342,0.00,0.00
2016.04.21 05:08:48.313,12.48039,12.48342,0.00,0.00
2016.04.21 05:08:48.414,12.48052,12.48371,0.00,0.00
2016.04.21 05:08:48.515,12.48052,12.48411,0.00,0.00
2016.04.21 05:08:48.781,12.48052,12.48391,0.00,0.00
2016.04.21 05:08:49.407,12.48052,12.48372,0.00,0.00
2016.04.21 05:08:50.009,12.48052,12.48391,0.00,0.00
2016.04.21 05:08:50.586,12.48052,12.48401,0.00,0.00
2016.04.21 05:08:51.187,12.48052,12.48392,0.00,0.00
2016.04.21 05:08:52.247,12.48042,12.48348,0.00,0.00
2016.04.21 05:08:52.298,12.47998,12.48341,0.00,0.00
2016.04.21 05:08:52.399,12.47968,12.48341,0.00,0.00
2016.04.21 05:08:52.513,12.47952,12.48311,0.00,0.00
2016.04.21 05:08:52.842,12.47942,12.48301,0.00,0.00
2016.04.21 05:08:53.095,12.48049,12.48431,0.00,0.00
2016.04.21 05:08:53.196,12.48059,12.48431,0.00,0.00
2016.04.21 05:08:53.500,12.48091,12.48431,0.00,0.00
2016.04.21 05:08:53.550,12.48068,12.48431,0.00,0.00
2016.04.21 05:08:53.601,12.4811,12.48411,0.00,0.00
2016.04.21 05:08:53.702,12.48059,12.48421,0.00,0.00
2016.04.21 05:08:53.816,12.48059,12.48441,0.00,0.00
2016.04.21 05:08:53.917,12.4806,12.48421,0.00,0.00
2016.04.21 05:08:54.309,12.4806,12.48402,0.00,0.00
2016.04.21 05:08:54.360,12.48052,12.48412,0.00,0.00
2016.04.21 05:08:55.316,12.48052,12.48351,0.00,0.00
2016.04.21 05:08:55.469,12.48052,12.48382,0.00,0.00
2016.04.21 05:08:55.520,12.48052,12.48392,0.00,0.00
2016.04.21 05:08:55.596,12.48052,12.48431,0.00,0.00
2016.04.21 05:08:55.820,12.48052,12.48412,0.00,0.00
2016.04.21 05:08:55.921,12.48052,12.48421,0.00,0.00
2016.04.21 05:08:56.425,12.48052,12.48411,0.00,0.00
2016.04.21 05:08:56.821,12.48052,12.48402,0.00,0.00
2016.04.21 05:08:57.523,12.48052,12.48411,0.00,0.00
2016.04.21 05:08:58.507,12.48052,12.48402,0.00,0.00
2016.04.21 05:08:58.829,12.48052,12.48412,0.00,0.00
2016.04.21 05:09:00.178,12.48052,12.48411,0.00,0.00
2016.04.21 05:09:00.228,12.48052,12.48401,0.00,0.00
2016.04.21 05:09:01.718,12.48052,12.48412,0.00,0.00
2016.04.21 05:09:01.831,12.48052,12.48422,0.00,0.00
2016.04.21 05:09:01.881,12.48052,12.4842,0.00,0.00
2016.04.21 05:09:02.197,12.48052,12.48401,0.00,0.00
2016.04.21 05:09:02.248,12.48052,12.48412,0.00,0.00
2016.04.21 05:09:04.553,12.48049,12.48412,0.00,0.00
2016.04.21 05:09:04.604,12.48042,12.4838,0.00,0.00
2016.04.21 05:09:04.655,12.4803,12.4838,0.00,0.00
2016.04.21 05:09:04.756,12.4803,12.48352,0.00,0.00
2016.04.21 05:09:04.806,12.47958,12.4833,0.00,0.00
2016.04.21 05:09:04.857,12.47952,12.48302,0.00,0.00
2016.04.21 05:09:05.037,12.47952,12.48312,0.00,0.00
2016.04.21 05:09:05.138,12.47952,12.48302,0.00,0.00
2016.04.21 05:09:05.665,12.47952,12.4833,0.00,0.00
2016.04.21 05:09:05.718,12.47952,12.48302,0.00,0.00
2016.04.21 05:09:06.289,12.47952,12.48301,0.00,0.00
2016.04.21 05:09:06.634,12.47951,12.4829,0.00,0.00
2016.04.21 05:09:07.178,12.47951,12.48291,0.00,0.00
2016.04.21 05:09:07.229,12.47951,12.48301,0.00,0.00
2016.04.21 05:09:07.531,12.47951,12.48292,0.00,0.00
2016.04.21 05:09:08.036,12.47951,12.48301,0.00,0.00
2016.04.21 05:09:09.695,12.47951,12.483,0.00,0.00
2016.04.21 05:09:10.196,12.47951,12.48301,0.00,0.00
2016.04.21 05:09:10.247,12.47951,12.48292,0.00,0.00
2016.04.21 05:09:10.597,12.47951,12.48271,0.00,0.00
2016.04.21 05:09:10.898,12.47951,12.48261,0.00,0.00
2016.04.21 05:09:11.287,12.47949,12.48261,0.00,0.00
2016.04.21 05:09:11.338,12.4792,12.4825,0.00,0.00
2016.04.21 05:09:11.446,12.47919,12.48241,0.00,0.00
2016.04.21 05:09:11.547,12.47899,12.48232,0.00,0.00
2016.04.21 05:09:11.598,12.47918,12.48232,0.00,0.00
2016.04.21 05:09:11.756,12.47949,12.48271,0.00,0.00
2016.04.21 05:09:11.859,12.47949,12.48281,0.00,0.00
2016.04.21 05:09:12.160,12.47952,12.48281,0.00,0.00
2016.04.21 05:09:13.302,12.47952,12.4828,0.00,0.00
2016.04.21 05:09:13.803,12.47952,12.48301,0.00,0.00
2016.04.21 05:09:14.053,12.47952,12.48311,0.00,0.00
2016.04.21 05:09:14.154,12.47952,12.48331,0.00,0.00
2016.04.21 05:09:14.354,12.47952,12.48322,0.00,0.00
2016.04.21 05:09:14.655,12.47969,12.48322,0.00,0.00
2016.04.21 05:09:14.775,12.47969,12.48332,0.00,0.00
2016.04.21 05:09:14.826,12.47952,12.48332,0.00,0.00
2016.04.21 05:09:14.877,12.47952,12.48322,0.00,0.00
2016.04.21 05:09:15.210,12.47952,12.48301,0.00,0.00
2016.04.21 05:09:17.342,12.4803,12.48301,0.00,0.00
2016.04.21 05:09:17.486,12.48029,12.48348,0.00,0.00
2016.04.21 05:09:17.538,12.48049,12.48351,0.00,0.00
2016.04.21 05:09:17.589,12.48049,12.48362,0.00,0.00
2016.04.21 05:09:17.690,12.4805,12.4838,0.00,0.00
2016.04.21 05:09:18.215,12.48051,12.48381,0.00,0.00
2016.04.21 05:09:18.523,12.48051,12.4836,0.00,0.00
2016.04.21 05:09:18.826,12.48051,12.48342,0.00,0.00
2016.04.21 05:09:19.113,12.47999,12.48342,0.00,0.00
2016.04.21 05:09:19.815,12.48,12.48342,0.00,0.00
2016.04.21 05:09:20.543,12.47999,12.48342,0.00,0.00
2016.04.21 05:09:20.767,12.47999,12.48321,0.00,0.00
2016.04.21 05:09:21.274,12.48,12.48321,0.00,0.00
2016.04.21 05:09:22.221,12.47999,12.48321,0.00,0.00
2016.04.21 05:09:22.322,12.47991,12.48321,0.00,0.00
2016.04.21 05:09:22.373,12.47952,12.48342,0.00,0.00
2016.04.21 05:09:22.475,12.47952,12.48311,0.00,0.00
2016.04.21 05:09:24.392,12.47952,12.48322,0.00,0.00
2016.04.21 05:09:24.443,12.47952,12.48301,0.00,0.00
2016.04.21 05:09:24.745,12.47952,12.48271,0.00,0.00
2016.04.21 05:09:25.114,12.47952,12.48261,0.00,0.00
2016.04.21 05:09:26.081,12.47952,12.48281,0.00,0.00
2016.04.21 05:09:26.382,12.47952,12.48262,0.00,0.00
2016.04.21 05:09:26.807,12.47952,12.48281,0.00,0.00
2016.04.21 05:09:28.668,12.47952,12.4829,0.00,0.00
2016.04.21 05:09:28.787,12.47952,12.48281,0.00,0.00
2016.04.21 05:09:29.453,12.4795,12.48281,0.00,0.00
2016.04.21 05:09:29.505,12.479,12.48261,0.00,0.00
2016.04.21 05:09:29.606,12.47899,12.48231,0.00,0.00
2016.04.21 05:09:29.707,12.47899,12.48261,0.00,0.00
2016.04.21 05:09:29.977,12.47899,12.48271,0.00,0.00
2016.04.21 05:09:30.993,12.47899,12.48252,0.00,0.00
2016.04.21 05:09:31.293,12.479,12.48262,0.00,0.00
2016.04.21 05:09:31.599,12.479,12.48271,0.00,0.00
2016.04.21 05:09:31.775,12.4793,12.48271,0.00,0.00
2016.04.21 05:09:31.977,12.47952,12.48322,0.00,0.00
2016.04.21 05:09:32.191,12.47952,12.48311,0.00,0.00
2016.04.21 05:09:32.543,12.47952,12.48301,0.00,0.00
2016.04.21 05:09:32.594,12.47952,12.48312,0.00,0.00
2016.04.21 05:09:35.609,12.47952,12.48301,0.00,0.00
2016.04.21 05:09:37.907,12.47952,12.48312,0.00,0.00
2016.04.21 05:09:38.458,12.47952,12.4823,0.00,0.00
2016.04.21 05:09:38.559,12.47918,12.48231,0.00,0.00
2016.04.21 05:09:38.660,12.47908,12.4823,0.00,0.00
2016.04.21 05:09:38.711,12.47851,12.48212,0.00,0.00
2016.04.21 05:09:38.829,12.47851,12.48202,0.00,0.00
2016.04.21 05:09:39.009,12.4786,12.48222,0.00,0.00
2016.04.21 05:09:39.110,12.47859,12.48242,0.00,0.00
2016.04.21 05:09:39.395,12.47859,12.48232,0.00,0.00
2016.04.21 05:09:39.985,12.4786,12.48232,0.00,0.00
2016.04.21 05:09:40.572,12.47859,12.48232,0.00,0.00
2016.04.21 05:09:40.773,12.47851,12.48232,0.00,0.00
2016.04.21 05:09:40.824,12.47851,12.48212,0.00,0.00
2016.04.21 05:09:40.890,12.47851,12.48222,0.00,0.00
2016.04.21 05:09:41.076,12.47868,12.48222,0.00,0.00
2016.04.21 05:09:41.329,12.47899,12.48261,0.00,0.00
2016.04.21 05:09:41.736,12.47899,12.48272,0.00,0.00
2016.04.21 05:09:42.476,12.479,12.48272,0.00,0.00
2016.04.21 05:09:43.058,12.47899,12.48272,0.00,0.00
2016.04.21 05:09:43.643,12.479,12.48272,0.00,0.00
2016.04.21 05:09:44.281,12.47899,12.48272,0.00,0.00
2016.04.21 05:09:45.183,12.479,12.48272,0.00,0.00
2016.04.21 05:09:45.684,12.47899,12.48272,0.00,0.00
2016.04.21 05:09:46.686,12.479,12.48272,0.00,0.00
2016.04.21 05:09:47.137,12.47901,12.48282,0.00,0.00
2016.04.21 05:09:47.238,12.47899,12.48282,0.00,0.00
2016.04.21 05:09:48.009,12.479,12.48282,0.00,0.00
2016.04.21 05:09:48.669,12.47899,12.48282,0.00,0.00
2016.04.21 05:09:49.141,12.479,12.48261,0.00,0.00
2016.04.21 05:09:49.829,12.47899,12.48261,0.00,0.00
2016.04.21 05:09:50.136,12.47951,12.48322,0.00,0.00
2016.04.21 05:09:50.211,12.47951,12.48332,0.00,0.00
2016.04.21 05:09:51.302,12.47941,12.48248,0.00,0.00
2016.04.21 05:09:51.353,12.47879,12.48248,0.00,0.00
2016.04.21 05:09:51.454,12.47879,12.48232,0.00,0.00
2016.04.21 05:09:51.609,12.47852,12.48232,0.00,0.00
2016.04.21 05:09:54.151,12.47852,12.48221,0.00,0.00
2016.04.21 05:09:54.820,12.47852,12.48232,0.00,0.00
2016.04.21 05:09:55.944,12.47852,12.48222,0.00,0.00
2016.04.21 05:09:58.248,12.47859,12.48231,0.00,0.00
2016.04.21 05:09:58.365,12.47859,12.48248,0.00,0.00
2016.04.21 05:09:59.209,12.4786,12.48248,0.00,0.00
2016.04.21 05:09:59.875,12.4786,12.48232,0.00,0.00
2016.04.21 05:10:00.712,12.47859,12.48232,0.00,0.00
2016.04.21 05:10:01.213,12.4786,12.48232,0.00,0.00
2016.04.21 05:10:01.717,12.47859,12.48232,0.00,0.00
2016.04.21 05:10:02.028,12.47919,12.48221,0.00,0.00
2016.04.21 05:10:02.230,12.47852,12.48221,0.00,0.00
2016.04.21 05:10:02.351,12.47852,12.48202,0.00,0.00
2016.04.21 05:10:02.569,12.47852,12.48222,0.00,0.00
2016.04.21 05:10:02.670,12.47852,12.48212,0.00,0.00
2016.04.21 05:10:06.776,12.47852,12.48222,0.00,0.00
2016.04.21 05:10:09.772,12.47852,12.48231,0.00,0.00
2016.04.21 05:10:22.734,12.47859,12.48231,0.00,0.00
2016.04.21 05:10:23.583,12.47859,12.48241,0.00,0.00
2016.04.21 05:10:23.634,12.47861,12.48241,0.00,0.00
2016.04.21 05:10:23.785,12.47899,12.48292,0.00,0.00
2016.04.21 05:10:23.974,12.47899,12.48272,0.00,0.00
2016.04.21 05:10:24.276,12.47841,12.48161,0.00,0.00
2016.04.21 05:10:24.481,12.47829,12.48151,0.00,0.00
2016.04.21 05:10:24.532,12.47829,12.48182,0.00,0.00
2016.04.21 05:10:24.583,12.47829,12.48172,0.00,0.00
2016.04.21 05:10:24.777,12.47829,12.48191,0.00,0.00
2016.04.21 05:10:25.284,12.4783,12.48191,0.00,0.00
2016.04.21 05:10:25.678,12.4783,12.48182,0.00,0.00
2016.04.21 05:10:26.287,12.47829,12.48182,0.00,0.00
2016.04.21 05:10:27.490,12.4783,12.48182,0.00,0.00
2016.04.21 05:10:27.809,12.47801,12.4815,0.00,0.00
2016.04.21 05:10:27.860,12.47768,12.4815,0.00,0.00
2016.04.21 05:10:27.911,12.47752,12.48141,0.00,0.00
2016.04.21 05:10:28.214,12.47758,12.4815,0.00,0.00
2016.04.21 05:10:28.265,12.47758,12.48148,0.00,0.00
2016.04.21 05:10:29.385,12.47752,12.48131,0.00,0.00
2016.04.21 05:10:29.585,12.47758,12.48148,0.00,0.00
2016.04.21 05:10:29.786,12.47752,12.48131,0.00,0.00
2016.04.21 05:10:30.788,12.47752,12.48122,0.00,0.00
2016.04.21 05:10:30.988,12.47752,12.48132,0.00,0.00
2016.04.21 05:10:31.088,12.47752,12.48121,0.00,0.00
2016.04.21 05:10:31.189,12.47758,12.48131,0.00,0.00
2016.04.21 05:10:31.290,12.47752,12.48121,0.00,0.00
2016.04.21 05:10:32.504,12.47752,12.4811,0.00,0.00
2016.04.21 05:10:33.168,12.47752,12.48111,0.00,0.00
2016.04.21 05:10:33.807,12.47752,12.4811,0.00,0.00
2016.04.21 05:10:34.442,12.47752,12.48111,0.00,0.00
2016.04.21 05:10:34.810,12.47752,12.48101,0.00,0.00
2016.04.21 05:10:35.147,12.47752,12.4809,0.00,0.00
2016.04.21 05:10:36.422,12.47752,12.48091,0.00,0.00
2016.04.21 05:10:37.226,12.47752,12.4809,0.00,0.00
2016.04.21 05:10:37.425,12.47752,12.48101,0.00,0.00
2016.04.21 05:10:37.525,12.47752,12.4811,0.00,0.00
2016.04.21 05:10:37.926,12.47752,12.48121,0.00,0.00
2016.04.21 05:10:38.029,12.47752,12.4813,0.00,0.00
2016.04.21 05:10:38.435,12.47741,12.48061,0.00,0.00
2016.04.21 05:10:38.536,12.47701,12.48072,0.00,0.00
2016.04.21 05:10:38.809,12.47701,12.48082,0.00,0.00
2016.04.21 05:10:38.914,12.47701,12.48071,0.00,0.00
2016.04.21 05:10:39.015,12.47701,12.48081,0.00,0.00
2016.04.21 05:10:41.152,12.47708,12.481,0.00,0.00
2016.04.21 05:10:41.856,12.47701,12.48091,0.00,0.00
2016.04.21 05:10:41.917,12.47708,12.481,0.00,0.00
2016.04.21 05:10:42.263,12.47701,12.48071,0.00,0.00
2016.04.21 05:10:43.633,12.47701,12.48092,0.00,0.00
2016.04.21 05:10:43.734,12.47708,12.48101,0.00,0.00
2016.04.21 05:10:43.835,12.47701,12.48091,0.00,0.00
2016.04.21 05:10:44.143,12.47701,12.48072,0.00,0.00
2016.04.21 05:10:44.432,12.47701,12.48092,0.00,0.00
2016.04.21 05:10:45.334,12.47709,12.481,0.00,0.00
2016.04.21 05:10:45.678,12.47701,12.48072,0.00,0.00
2016.04.21 05:10:45.729,12.47701,12.48092,0.00,0.00
2016.04.21 05:10:45.950,12.47701,12.48072,0.00,0.00
2016.04.21 05:10:47.134,12.47701,12.48091,0.00,0.00
2016.04.21 05:10:47.235,12.47701,12.48081,0.00,0.00
2016.04.21 05:10:47.544,12.47699,12.48072,0.00,0.00
2016.04.21 05:10:47.646,12.47659,12.48049,0.00,0.00
2016.04.21 05:10:47.696,12.47699,12.48049,0.00,0.00
2016.04.21 05:10:47.963,12.47688,12.48049,0.00,0.00
2016.04.21 05:10:48.039,12.4766,12.48031,0.00,0.00
2016.04.21 05:10:48.090,12.47652,12.48031,0.00,0.00
2016.04.21 05:10:49.743,12.47658,12.48049,0.00,0.00
2016.04.21 05:10:50.018,12.47652,12.48032,0.00,0.00
2016.04.21 05:10:50.346,12.47658,12.48049,0.00,0.00
2016.04.21 05:10:50.447,12.47652,12.48031,0.00,0.00
2016.04.21 05:10:50.753,12.47652,12.48021,0.00,0.00
2016.04.21 05:10:50.854,12.47651,12.48031,0.00,0.00
2016.04.21 05:10:50.955,12.47651,12.48011,0.00,0.00
2016.04.21 05:10:51.151,12.47651,12.48031,0.00,0.00
2016.04.21 05:10:51.201,12.47651,12.48021,0.00,0.00
2016.04.21 05:10:51.536,12.47651,12.48001,0.00,0.00
2016.04.21 05:10:51.866,12.47651,12.47992,0.00,0.00
2016.04.21 05:10:52.196,12.47651,12.4799,0.00,0.00
2016.04.21 05:10:52.406,12.47599,12.47961,0.00,0.00
2016.04.21 05:10:52.457,12.47599,12.47951,0.00,0.00
2016.04.21 05:10:53.186,12.476,12.47951,0.00,0.00
2016.04.21 05:10:53.358,12.476,12.4796,0.00,0.00
2016.04.21 05:10:53.861,12.47599,12.47961,0.00,0.00
2016.04.21 05:10:54.161,12.47599,12.47952,0.00,0.00
2016.04.21 05:10:54.837,12.476,12.47952,0.00,0.00
2016.04.21 05:10:55.375,12.47599,12.47952,0.00,0.00
2016.04.21 05:10:55.576,12.476,12.4796,0.00,0.00
2016.04.21 05:10:55.677,12.47651,12.47981,0.00,0.00
2016.04.21 05:10:56.211,12.47651,12.4798,0.00,0.00
2016.04.21 05:10:56.919,12.47651,12.47981,0.00,0.00
2016.04.21 05:10:57.783,12.47651,12.4798,0.00,0.00
2016.04.21 05:10:58.129,12.47651,12.48011,0.00,0.00
2016.04.21 05:10:58.816,12.47651,12.4803,0.00,0.00
2016.04.21 05:10:58.917,12.47651,12.48032,0.00,0.00
2016.04.21 05:10:58.981,12.47651,12.48041,0.00,0.00
2016.04.21 05:10:59.031,12.4768,12.48041,0.00,0.00
2016.04.21 05:10:59.334,12.47699,12.48051,0.00,0.00
2016.04.21 05:11:00.223,12.477,12.4805,0.00,0.00
2016.04.21 05:11:01.215,12.47699,12.48051,0.00,0.00
2016.04.21 05:11:01.761,12.47751,12.48051,0.00,0.00
2016.04.21 05:11:01.812,12.47751,12.48061,0.00,0.00
2016.04.21 05:11:01.913,12.47751,12.48072,0.00,0.00
2016.04.21 05:11:02.113,12.47751,12.48081,0.00,0.00
2016.04.21 05:11:02.164,12.47769,12.48142,0.00,0.00
2016.04.21 05:11:02.215,12.4778,12.48149,0.00,0.00
2016.04.21 05:11:02.609,12.47799,12.48149,0.00,0.00
2016.04.21 05:11:02.662,12.47799,12.48192,0.00,0.00
2016.04.21 05:11:03.907,12.47799,12.48172,0.00,0.00
2016.04.21 05:11:04.619,12.47799,12.48181,0.00,0.00
2016.04.21 05:11:04.898,12.47799,12.48192,0.00,0.00
2016.04.21 05:11:04.999,12.47799,12.48182,0.00,0.00
2016.04.21 05:11:05.300,12.47802,12.48192,0.00,0.00
2016.04.21 05:11:06.132,12.47802,12.48182,0.00,0.00
2016.04.21 05:11:06.478,12.47851,12.48182,0.00,0.00
2016.04.21 05:11:06.529,12.47851,12.48201,0.00,0.00
2016.04.21 05:11:06.580,12.47851,12.48198,0.00,0.00
2016.04.21 05:11:07.036,12.47851,12.48162,0.00,0.00
2016.04.21 05:11:07.269,12.478,12.48162,0.00,0.00
2016.04.21 05:11:08.221,12.47799,12.48162,0.00,0.00
2016.04.21 05:11:08.272,12.47851,12.48162,0.00,0.00
2016.04.21 05:11:08.427,12.47851,12.48201,0.00,0.00
2016.04.21 05:11:08.528,12.47851,12.4821,0.00,0.00
2016.04.21 05:11:08.877,12.47851,12.48221,0.00,0.00
2016.04.21 05:11:08.928,12.47851,12.48202,0.00,0.00
2016.04.21 05:11:09.010,12.47851,12.4823,0.00,0.00
2016.04.21 05:11:10.325,12.47851,12.48231,0.00,0.00
2016.04.21 05:11:11.627,12.47851,12.48212,0.00,0.00
2016.04.21 05:11:12.537,12.47851,12.48221,0.00,0.00
2016.04.21 05:11:12.638,12.47851,12.48211,0.00,0.00
2016.04.21 05:11:13.344,12.47851,12.48232,0.00,0.00
2016.04.21 05:11:13.825,12.47851,12.48222,0.00,0.00
2016.04.21 05:11:14.246,12.47851,12.48242,0.00,0.00
2016.04.21 05:11:15.027,12.47851,12.48222,0.00,0.00
2016.04.21 05:11:15.827,12.47891,12.48222,0.00,0.00
2016.04.21 05:11:15.878,12.47891,12.48241,0.00,0.00
2016.04.21 05:11:15.929,12.47858,12.48251,0.00,0.00
2016.04.21 05:11:16.030,12.47851,12.48242,0.00,0.00
2016.04.21 05:11:16.500,12.47851,12.48221,0.00,0.00
2016.04.21 05:11:17.040,12.47852,12.48221,0.00,0.00
2016.04.21 05:11:18.050,12.47852,12.4816,0.00,0.00
2016.04.21 05:11:18.182,12.47852,12.48171,0.00,0.00
2016.04.21 05:11:19.245,12.47852,12.4817,0.00,0.00
2016.04.21 05:11:19.850,12.47852,12.48171,0.00,0.00
2016.04.21 05:11:21.812,12.47852,12.4817,0.00,0.00
2016.04.21 05:11:22.352,12.47852,12.48171,0.00,0.00
2016.04.21 05:11:22.763,12.4791,12.48222,0.00,0.00
2016.04.21 05:11:22.865,12.47909,12.48232,0.00,0.00
2016.04.21 05:11:22.941,12.47909,12.48251,0.00,0.00
2016.04.21 05:11:23.074,12.47899,12.48232,0.00,0.00
2016.04.21 05:11:23.277,12.479,12.4824,0.00,0.00
2016.04.21 05:11:23.387,12.47859,12.48241,0.00,0.00
2016.04.21 05:11:23.443,12.47851,12.48211,0.00,0.00
2016.04.21 05:11:23.544,12.47851,12.48222,0.00,0.00
2016.04.21 05:11:24.244,12.47851,12.48231,0.00,0.00
2016.04.21 05:11:24.295,12.47909,12.48231,0.00,0.00
2016.04.21 05:11:24.496,12.47899,12.48232,0.00,0.00
2016.04.21 05:11:24.773,12.479,12.48241,0.00,0.00
2016.04.21 05:11:24.875,12.47899,12.48251,0.00,0.00
2016.04.21 05:11:25.067,12.479,12.48241,0.00,0.00
2016.04.21 05:11:25.490,12.47899,12.48251,0.00,0.00
2016.04.21 05:11:26.060,12.479,12.4825,0.00,0.00
2016.04.21 05:11:26.311,12.47951,12.4825,0.00,0.00
2016.04.21 05:11:26.481,12.47951,12.483,0.00,0.00
2016.04.21 05:11:27.200,12.47951,12.48301,0.00,0.00
2016.04.21 05:11:28.295,12.47951,12.483,0.00,0.00
2016.04.21 05:11:29.047,12.47951,12.48301,0.00,0.00
2016.04.21 05:11:29.782,12.47951,12.483,0.00,0.00
2016.04.21 05:11:30.388,12.4796,12.483,0.00,0.00
2016.04.21 05:11:31.103,12.47959,12.48301,0.00,0.00
2016.04.21 05:11:31.714,12.4796,12.483,0.00,0.00
2016.04.21 05:11:32.208,12.47951,12.48301,0.00,0.00
2016.04.21 05:11:33.415,12.47951,12.483,0.00,0.00
2016.04.21 05:11:34.277,12.47951,12.48301,0.00,0.00
2016.04.21 05:11:35.231,12.47951,12.483,0.00,0.00
2016.04.21 05:11:35.797,12.47951,12.48301,0.00,0.00
2016.04.21 05:11:37.283,12.47951,12.483,0.00,0.00
2016.04.21 05:11:37.784,12.47951,12.48301,0.00,0.00
2016.04.21 05:11:38.285,12.47951,12.483,0.00,0.00
2016.04.21 05:11:39.323,12.47951,12.48301,0.00,0.00
2016.04.21 05:11:40.089,12.47951,12.483,0.00,0.00
2016.04.21 05:11:40.686,12.47951,12.48301,0.00,0.00
2016.04.21 05:11:43.745,12.47951,12.483,0.00,0.00
2016.04.21 05:11:44.318,12.47951,12.48301,0.00,0.00
2016.04.21 05:11:45.901,12.47951,12.483,0.00,0.00
2016.04.21 05:11:46.502,12.47951,12.48301,0.00,0.00
2016.04.21 05:11:47.403,12.47951,12.483,0.00,0.00
2016.04.21 05:11:48.005,12.48049,12.48311,0.00,0.00
2016.04.21 05:11:48.664,12.4805,12.4831,0.00,0.00
2016.04.21 05:11:49.006,12.48052,12.48311,0.00,0.00
2016.04.21 05:11:49.717,12.48041,12.48301,0.00,0.00
2016.04.21 05:11:49.818,12.47951,12.48301,0.00,0.00
2016.04.21 05:11:50.323,12.47951,12.483,0.00,0.00
2016.04.21 05:11:51.211,12.47951,12.48301,0.00,0.00
2016.04.21 05:11:52.026,12.47951,12.483,0.00,0.00
2016.04.21 05:11:52.647,12.47951,12.48301,0.00,0.00
2016.04.21 05:11:53.827,12.47951,12.483,0.00,0.00
2016.04.21 05:11:54.394,12.47951,12.48301,0.00,0.00
2016.04.21 05:11:56.120,12.47951,12.483,0.00,0.00
2016.04.21 05:11:57.354,12.47951,12.48301,0.00,0.00
2016.04.21 05:11:58.026,12.47951,12.483,0.00,0.00
2016.04.21 05:11:59.643,12.48029,12.48311,0.00,0.00
2016.04.21 05:11:59.957,12.48049,12.48361,0.00,0.00
2016.04.21 05:12:00.159,12.48049,12.48431,0.00,0.00
2016.04.21 05:12:00.515,12.48052,12.48431,0.00,0.00
2016.04.21 05:12:00.859,12.48052,12.48411,0.00,0.00
2016.04.21 05:12:01.110,12.48052,12.48421,0.00,0.00
2016.04.21 05:12:01.410,12.48052,12.48432,0.00,0.00
2016.04.21 05:12:02.250,12.4806,12.48442,0.00,0.00
2016.04.21 05:12:02.733,12.48052,12.48421,0.00,0.00
2016.04.21 05:12:03.036,12.48052,12.4843,0.00,0.00
2016.04.21 05:12:03.152,12.48052,12.48401,0.00,0.00
2016.04.21 05:12:03.213,12.48052,12.48431,0.00,0.00
2016.04.21 05:12:03.264,12.48052,12.48442,0.00,0.00
2016.04.21 05:12:03.413,12.48052,12.48431,0.00,0.00
2016.04.21 05:12:03.514,12.48052,12.48441,0.00,0.00
2016.04.21 05:12:04.115,12.48052,12.48432,0.00,0.00
2016.04.21 05:12:06.217,12.48052,12.48442,0.00,0.00
2016.04.21 05:12:07.618,12.48052,12.48432,0.00,0.00
2016.04.21 05:12:07.919,12.48052,12.48441,0.00,0.00
2016.04.21 05:12:07.969,12.4807,12.48441,0.00,0.00
2016.04.21 05:12:08.020,12.4807,12.48448,0.00,0.00
2016.04.21 05:12:08.351,12.48079,12.48448,0.00,0.00
2016.04.21 05:12:08.704,12.48149,12.48502,0.00,0.00
2016.04.21 05:12:08.755,12.4815,12.4851,0.00,0.00
2016.04.21 05:12:08.856,12.48149,12.48512,0.00,0.00
2016.04.21 05:12:09.422,12.48152,12.48512,0.00,0.00
2016.04.21 05:12:09.762,12.48152,12.48481,0.00,0.00
2016.04.21 05:12:09.965,12.48152,12.485,0.00,0.00
2016.04.21 05:12:10.016,12.48152,12.48468,0.00,0.00
2016.04.21 05:12:10.123,12.48099,12.48449,0.00,0.00
2016.04.21 05:12:10.224,12.481,12.48432,0.00,0.00
2016.04.21 05:12:10.392,12.48099,12.48442,0.00,0.00
2016.04.21 05:12:10.443,12.48099,12.48421,0.00,0.00
2016.04.21 05:12:10.493,12.48069,12.48421,0.00,0.00
2016.04.21 05:12:10.771,12.48069,12.48449,0.00,0.00
2016.04.21 05:12:10.824,12.48069,12.48422,0.00,0.00
2016.04.21 05:12:11.125,12.48049,12.48381,0.00,0.00
2016.04.21 05:12:11.176,12.48029,12.48381,0.00,0.00
2016.04.21 05:12:11.450,12.4803,12.484,0.00,0.00
2016.04.21 05:12:11.629,12.48029,12.48392,0.00,0.00
2016.04.21 05:12:11.952,12.48029,12.48401,0.00,0.00
2016.04.21 05:12:12.053,12.48029,12.48351,0.00,0.00
2016.04.21 05:12:12.376,12.4803,12.48349,0.00,0.00
2016.04.21 05:12:12.579,12.48002,12.48342,0.00,0.00
2016.04.21 05:12:12.629,12.48002,12.48331,0.00,0.00
2016.04.21 05:12:12.680,12.47959,12.48331,0.00,0.00
2016.04.21 05:12:12.731,12.47959,12.48322,0.00,0.00
2016.04.21 05:12:12.781,12.47952,12.4832,0.00,0.00
2016.04.21 05:12:13.342,12.47952,12.48321,0.00,0.00
2016.04.21 05:12:14.073,12.47952,12.4832,0.00,0.00
2016.04.21 05:12:14.182,12.47952,12.4833,0.00,0.00
2016.04.21 05:12:14.933,12.47952,12.48322,0.00,0.00
2016.04.21 05:12:15.735,12.47952,12.48331,0.00,0.00
2016.04.21 05:12:17.565,12.47952,12.4833,0.00,0.00
2016.04.21 05:12:18.112,12.47952,12.48331,0.00,0.00
2016.04.21 05:12:18.339,12.47952,12.48321,0.00,0.00
2016.04.21 05:12:21.343,12.47952,12.4833,0.00,0.00
2016.04.21 05:12:21.394,12.47952,12.4832,0.00,0.00
2016.04.21 05:12:21.994,12.47952,12.48321,0.00,0.00
2016.04.21 05:12:22.110,12.47952,12.48331,0.00,0.00
2016.04.21 05:12:22.161,12.47952,12.4834,0.00,0.00
2016.04.21 05:12:22.679,12.47952,12.48341,0.00,0.00
2016.04.21 05:12:23.648,12.47952,12.48321,0.00,0.00
2016.04.21 05:12:23.849,12.47952,12.48331,0.00,0.00
2016.04.21 05:12:23.900,12.47952,12.4832,0.00,0.00
2016.04.21 05:12:24.404,12.47952,12.48311,0.00,0.00
2016.04.21 05:12:25.787,12.47952,12.483,0.00,0.00
2016.04.21 05:12:26.109,12.47849,12.48212,0.00,0.00
2016.04.21 05:12:26.160,12.47849,12.48231,0.00,0.00
2016.04.21 05:12:26.389,12.47842,12.482,0.00,0.00
2016.04.21 05:12:26.543,12.47829,12.48192,0.00,0.00
2016.04.21 05:12:26.594,12.47829,12.48201,0.00,0.00
2016.04.21 05:12:26.696,12.47829,12.48192,0.00,0.00
2016.04.21 05:12:26.897,12.47829,12.48201,0.00,0.00
2016.04.21 05:12:27.185,12.47829,12.48158,0.00,0.00
2016.04.21 05:12:27.236,12.47768,12.4815,0.00,0.00
2016.04.21 05:12:27.287,12.47752,12.48132,0.00,0.00
2016.04.21 05:12:27.486,12.47758,12.48149,0.00,0.00
2016.04.21 05:12:27.704,12.47752,12.48132,0.00,0.00
2016.04.21 05:12:28.365,12.47751,12.48132,0.00,0.00
2016.04.21 05:12:28.659,12.47759,12.48149,0.00,0.00
2016.04.21 05:12:28.760,12.47769,12.48151,0.00,0.00
2016.04.21 05:12:28.861,12.47799,12.48191,0.00,0.00
2016.04.21 05:12:28.962,12.47799,12.48182,0.00,0.00
2016.04.21 05:12:29.281,12.47841,12.48201,0.00,0.00
2016.04.21 05:12:29.382,12.47849,12.48232,0.00,0.00
2016.04.21 05:12:29.561,12.47849,12.48222,0.00,0.00
2016.04.21 05:12:29.898,12.47851,12.48202,0.00,0.00
2016.04.21 05:12:30.070,12.47851,12.48222,0.00,0.00
2016.04.21 05:12:30.864,12.47851,12.48212,0.00,0.00
2016.04.21 05:12:31.175,12.47851,12.48232,0.00,0.00
2016.04.21 05:12:31.365,12.47851,12.48222,0.00,0.00
2016.04.21 05:12:32.668,12.47851,12.48202,0.00,0.00
2016.04.21 05:12:33.770,12.47851,12.48212,0.00,0.00
2016.04.21 05:12:35.497,12.47851,12.48231,0.00,0.00
2016.04.21 05:12:36.057,12.47851,12.48232,0.00,0.00
2016.04.21 05:12:37.181,12.47851,12.48212,0.00,0.00
2016.04.21 05:12:37.476,12.47851,12.48221,0.00,0.00
2016.04.21 05:12:37.577,12.47851,12.48242,0.00,0.00
2016.04.21 05:12:39.481,12.47851,12.48231,0.00,0.00
2016.04.21 05:12:45.205,12.47851,12.48241,0.00,0.00
2016.04.21 05:12:45.291,12.47851,12.48231,0.00,0.00
2016.04.21 05:12:46.509,12.47851,12.48211,0.00,0.00
2016.04.21 05:12:47.713,12.47851,12.48232,0.00,0.00
2016.04.21 05:12:51.159,12.47858,12.48249,0.00,0.00
2016.04.21 05:12:51.209,12.47851,12.48221,0.00,0.00
2016.04.21 05:12:51.571,12.47899,12.48251,0.00,0.00
2016.04.21 05:12:52.115,12.479,12.4825,0.00,0.00
2016.04.21 05:12:53.175,12.47899,12.48251,0.00,0.00
2016.04.21 05:12:53.776,12.479,12.4825,0.00,0.00
2016.04.21 05:12:55.079,12.47899,12.48251,0.00,0.00
2016.04.21 05:12:56.783,12.479,12.4825,0.00,0.00
2016.04.21 05:12:57.284,12.47899,12.48251,0.00,0.00
2016.04.21 05:12:58.887,12.479,12.4825,0.00,0.00
2016.04.21 05:12:59.594,12.47899,12.48251,0.00,0.00
2016.04.21 05:12:59.925,12.47868,12.4819,0.00,0.00
2016.04.21 05:12:59.976,12.4785,12.48181,0.00,0.00
2016.04.21 05:13:00.077,12.47829,12.48181,0.00,0.00
2016.04.21 05:13:00.240,12.47829,12.48201,0.00,0.00
2016.04.21 05:13:00.341,12.47829,12.48182,0.00,0.00
2016.04.21 05:13:00.875,12.4783,12.48182,0.00,0.00
2016.04.21 05:13:01.129,12.4783,12.48192,0.00,0.00
2016.04.21 05:13:01.241,12.47829,12.48181,0.00,0.00
2016.04.21 05:13:01.406,12.47789,12.4815,0.00,0.00
2016.04.21 05:13:01.507,12.47759,12.48132,0.00,0.00
2016.04.21 05:13:01.625,12.47752,12.48132,0.00,0.00
2016.04.21 05:13:01.676,12.47759,12.48148,0.00,0.00
2016.04.21 05:13:01.833,12.47752,12.48132,0.00,0.00
2016.04.21 05:13:02.143,12.47752,12.48141,0.00,0.00
2016.04.21 05:13:05.260,12.47758,12.48148,0.00,0.00
2016.04.21 05:13:05.361,12.47752,12.48141,0.00,0.00
2016.04.21 05:13:05.852,12.47752,12.48122,0.00,0.00
2016.04.21 05:13:11.481,12.47771,12.48148,0.00,0.00
2016.04.21 05:13:11.532,12.4785,12.48159,0.00,0.00
2016.04.21 05:13:11.633,12.47849,12.48231,0.00,0.00
2016.04.21 05:13:11.734,12.47849,12.48241,0.00,0.00
2016.04.21 05:13:11.784,12.47849,12.48232,0.00,0.00
2016.04.21 05:13:11.961,12.47849,12.48241,0.00,0.00
2016.04.21 05:13:12.123,12.4786,12.48241,0.00,0.00
2016.04.21 05:13:12.722,12.47859,12.48241,0.00,0.00
2016.04.21 05:13:13.419,12.4786,12.48241,0.00,0.00
2016.04.21 05:13:13.920,12.47859,12.48241,0.00,0.00
2016.04.21 05:13:14.622,12.4786,12.48241,0.00,0.00
2016.04.21 05:13:16.627,12.47859,12.48241,0.00,0.00
2016.04.21 05:13:16.950,12.47899,12.48241,0.00,0.00
2016.04.21 05:13:17.000,12.47899,12.48251,0.00,0.00
2016.04.21 05:13:17.192,12.479,12.48242,0.00,0.00
2016.04.21 05:13:17.270,12.479,12.4825,0.00,0.00
2016.04.21 05:13:17.772,12.47899,12.48251,0.00,0.00
2016.04.21 05:13:17.995,12.47899,12.48241,0.00,0.00
2016.04.21 05:13:18.902,12.479,12.48241,0.00,0.00
2016.04.21 05:13:19.447,12.47899,12.48241,0.00,0.00
2016.04.21 05:13:20.378,12.47899,12.48251,0.00,0.00
2016.04.21 05:13:20.964,12.479,12.4825,0.00,0.00
2016.04.21 05:13:21.544,12.47899,12.48251,0.00,0.00
2016.04.21 05:13:22.185,12.479,12.4825,0.00,0.00
2016.04.21 05:13:22.855,12.47899,12.48251,0.00,0.00
2016.04.21 05:13:23.456,12.479,12.4825,0.00,0.00
2016.04.21 05:13:24.959,12.47899,12.48251,0.00,0.00
2016.04.21 05:13:25.461,12.479,12.4825,0.00,0.00
2016.04.21 05:13:26.223,12.47899,12.48251,0.00,0.00
2016.04.21 05:13:26.881,12.479,12.4825,0.00,0.00
2016.04.21 05:13:27.807,12.47899,12.48251,0.00,0.00
2016.04.21 05:13:28.668,12.479,12.4825,0.00,0.00
2016.04.21 05:13:29.272,12.47899,12.48251,0.00,0.00
2016.04.21 05:13:29.928,12.479,12.4825,0.00,0.00
2016.04.21 05:13:30.675,12.47899,12.48251,0.00,0.00
2016.04.21 05:13:31.176,12.479,12.4825,0.00,0.00
2016.04.21 05:13:31.370,12.47952,12.4825,0.00,0.00
2016.04.21 05:13:31.477,12.47952,12.48292,0.00,0.00
2016.04.21 05:13:31.528,12.47979,12.48348,0.00,0.00
2016.04.21 05:13:31.629,12.47958,12.48348,0.00,0.00
2016.04.21 05:13:31.730,12.47952,12.48331,0.00,0.00
2016.04.21 05:13:31.916,12.47959,12.48348,0.00,0.00
2016.04.21 05:13:32.424,12.4796,12.48348,0.00,0.00
2016.04.21 05:13:32.949,12.47959,12.48342,0.00,0.00
2016.04.21 05:13:32.999,12.47952,12.48342,0.00,0.00
2016.04.21 05:13:33.050,12.47952,12.48331,0.00,0.00
2016.04.21 05:13:33.232,12.47959,12.48348,0.00,0.00
2016.04.21 05:13:33.427,12.4796,12.4835,0.00,0.00
2016.04.21 05:13:33.529,12.48049,12.48372,0.00,0.00
2016.04.21 05:13:33.630,12.48049,12.48442,0.00,0.00
2016.04.21 05:13:33.732,12.48049,12.48412,0.00,0.00
2016.04.21 05:13:33.807,12.48049,12.48432,0.00,0.00
2016.04.21 05:13:34.033,12.48049,12.48441,0.00,0.00
2016.04.21 05:13:34.334,12.48052,12.48431,0.00,0.00
2016.04.21 05:13:34.520,12.48052,12.48441,0.00,0.00
2016.04.21 05:13:34.938,12.48052,12.48431,0.00,0.00
2016.04.21 05:13:35.232,12.48052,12.48442,0.00,0.00
2016.04.21 05:13:35.837,12.48052,12.48432,0.00,0.00
2016.04.21 05:13:36.496,12.48059,12.48432,0.00,0.00
2016.04.21 05:13:36.547,12.48059,12.48448,0.00,0.00
2016.04.21 05:13:36.849,12.4806,12.48442,0.00,0.00
2016.04.21 05:13:36.950,12.4806,12.48448,0.00,0.00
2016.04.21 05:13:37.051,12.4806,12.48442,0.00,0.00
2016.04.21 05:13:37.389,12.48069,12.48448,0.00,0.00
2016.04.21 05:13:37.690,12.4809,12.48448,0.00,0.00
2016.04.21 05:13:37.991,12.48069,12.48448,0.00,0.00
2016.04.21 05:13:38.042,12.48069,12.48441,0.00,0.00
2016.04.21 05:13:38.391,12.48069,12.48431,0.00,0.00
2016.04.21 05:13:39.217,12.48052,12.48431,0.00,0.00
2016.04.21 05:13:39.268,12.48052,12.48422,0.00,0.00
2016.04.21 05:13:39.951,12.48052,12.48432,0.00,0.00
2016.04.21 05:13:40.052,12.48052,12.48421,0.00,0.00
2016.04.21 05:13:41.932,12.48052,12.48432,0.00,0.00
2016.04.21 05:13:45.136,12.48041,12.4835,0.00,0.00
2016.04.21 05:13:45.186,12.48038,12.4835,0.00,0.00
2016.04.21 05:13:45.237,12.4805,12.4835,0.00,0.00
2016.04.21 05:13:45.338,12.48049,12.48382,0.00,0.00
2016.04.21 05:13:45.439,12.48049,12.48402,0.00,0.00
2016.04.21 05:13:45.556,12.4805,12.4843,0.00,0.00
2016.04.21 05:13:45.660,12.4805,12.48421,0.00,0.00
2016.04.21 05:13:45.760,12.48049,12.48441,0.00,0.00
2016.04.21 05:13:45.862,12.4805,12.48432,0.00,0.00
2016.04.21 05:13:46.518,12.48051,12.48432,0.00,0.00
2016.04.21 05:13:46.658,12.48051,12.48441,0.00,0.00
2016.04.21 05:13:46.908,12.48051,12.48401,0.00,0.00
2016.04.21 05:13:46.959,12.48041,12.48401,0.00,0.00
2016.04.21 05:13:47.060,12.4803,12.484,0.00,0.00
2016.04.21 05:13:47.111,12.48008,12.48351,0.00,0.00
2016.04.21 05:13:47.262,12.47999,12.48351,0.00,0.00
2016.04.21 05:13:47.363,12.47999,12.48342,0.00,0.00
2016.04.21 05:13:47.464,12.48,12.4835,0.00,0.00
2016.04.21 05:13:48.111,12.47999,12.48349,0.00,0.00
2016.04.21 05:13:48.563,12.48,12.48342,0.00,0.00
2016.04.21 05:13:49.063,12.48,12.48349,0.00,0.00
2016.04.21 05:13:49.818,12.47999,12.48349,0.00,0.00
2016.04.21 05:13:50.065,12.47999,12.48342,0.00,0.00
2016.04.21 05:13:50.529,12.47951,12.48342,0.00,0.00
2016.04.21 05:13:50.644,12.47999,12.48342,0.00,0.00
2016.04.21 05:13:50.796,12.47969,12.48341,0.00,0.00
2016.04.21 05:13:50.897,12.47951,12.48331,0.00,0.00
2016.04.21 05:13:51.067,12.47951,12.48341,0.00,0.00
2016.04.21 05:13:52.146,12.47951,12.4834,0.00,0.00
2016.04.21 05:13:52.269,12.47958,12.48341,0.00,0.00
2016.04.21 05:13:52.619,12.47951,12.48322,0.00,0.00
2016.04.21 05:13:52.670,12.47951,12.4834,0.00,0.00
2016.04.21 05:13:52.947,12.47951,12.48331,0.00,0.00
2016.04.21 05:13:53.373,12.47951,12.48322,0.00,0.00
2016.04.21 05:13:55.583,12.47951,12.4834,0.00,0.00
2016.04.21 05:13:56.089,12.47951,12.48341,0.00,0.00
2016.04.21 05:13:56.359,12.47951,12.48331,0.00,0.00
2016.04.21 05:13:56.996,12.47951,12.48342,0.00,0.00
2016.04.21 05:13:59.134,12.47951,12.4834,0.00,0.00
2016.04.21 05:13:59.463,12.47951,12.48331,0.00,0.00
2016.04.21 05:13:59.835,12.47989,12.48349,0.00,0.00
2016.04.21 05:14:00.167,12.48052,12.4841,0.00,0.00
2016.04.21 05:14:00.313,12.48052,12.48432,0.00,0.00
2016.04.21 05:14:00.414,12.48052,12.48442,0.00,0.00
2016.04.21 05:14:00.464,12.4806,12.48442,0.00,0.00
2016.04.21 05:14:00.515,12.4806,12.48448,0.00,0.00
2016.04.21 05:14:00.616,12.48059,12.48422,0.00,0.00
2016.04.21 05:14:00.667,12.48059,12.4843,0.00,0.00
2016.04.21 05:14:00.769,12.48052,12.48412,0.00,0.00
2016.04.21 05:14:00.874,12.48052,12.48441,0.00,0.00
2016.04.21 05:14:00.975,12.4806,12.48448,0.00,0.00
2016.04.21 05:14:01.372,12.48069,12.48448,0.00,0.00
2016.04.21 05:14:02.001,12.4807,12.48448,0.00,0.00
2016.04.21 05:14:02.862,12.48069,12.48451,0.00,0.00
2016.04.21 05:14:02.964,12.48099,12.48451,0.00,0.00
2016.04.21 05:14:03.642,12.481,12.4845,0.00,0.00
2016.04.21 05:14:03.993,12.481,12.48441,0.00,0.00
2016.04.21 05:14:04.895,12.481,12.4845,0.00,0.00
2016.04.21 05:14:04.946,12.48092,12.48451,0.00,0.00
2016.04.21 05:14:04.997,12.48052,12.48441,0.00,0.00
2016.04.21 05:14:05.098,12.48052,12.48432,0.00,0.00
2016.04.21 05:14:05.199,12.48052,12.48441,0.00,0.00
2016.04.21 05:14:05.496,12.48058,12.48448,0.00,0.00
2016.04.21 05:14:06.367,12.48058,12.48431,0.00,0.00
2016.04.21 05:14:06.419,12.48052,12.48431,0.00,0.00
2016.04.21 05:14:06.470,12.48041,12.484,0.00,0.00
2016.04.21 05:14:06.613,12.4803,12.484,0.00,0.00
2016.04.21 05:14:06.665,12.48049,12.48402,0.00,0.00
2016.04.21 05:14:06.869,12.48039,12.48401,0.00,0.00
2016.04.21 05:14:06.919,12.48029,12.48391,0.00,0.00
2016.04.21 05:14:07.300,12.48029,12.48401,0.00,0.00
2016.04.21 05:14:07.351,12.48051,12.48402,0.00,0.00
2016.04.21 05:14:07.502,12.48051,12.48412,0.00,0.00
2016.04.21 05:14:07.603,12.48051,12.48441,0.00,0.00
2016.04.21 05:14:07.801,12.48051,12.48422,0.00,0.00
2016.04.21 05:14:08.398,12.48051,12.48412,0.00,0.00
2016.04.21 05:14:09.284,12.48051,12.48421,0.00,0.00
2016.04.21 05:14:09.704,12.48051,12.48412,0.00,0.00
2016.04.21 05:14:10.952,12.48049,12.48412,0.00,0.00
2016.04.21 05:14:11.003,12.48042,12.4835,0.00,0.00
2016.04.21 05:14:11.054,12.4803,12.4835,0.00,0.00
2016.04.21 05:14:11.157,12.4803,12.48352,0.00,0.00
2016.04.21 05:14:11.208,12.4803,12.48372,0.00,0.00
2016.04.21 05:14:11.309,12.48029,12.48381,0.00,0.00
2016.04.21 05:14:11.525,12.48029,12.48371,0.00,0.00
2016.04.21 05:14:13.074,12.48,12.48349,0.00,0.00
2016.04.21 05:14:13.175,12.47992,12.48349,0.00,0.00
2016.04.21 05:14:13.226,12.47958,12.48349,0.00,0.00
2016.04.21 05:14:13.327,12.47952,12.48331,0.00,0.00
2016.04.21 05:14:13.511,12.47959,12.48349,0.00,0.00
2016.04.21 05:14:13.813,12.47952,12.48321,0.00,0.00
2016.04.21 05:14:14.214,12.47952,12.48331,0.00,0.00
2016.04.21 05:14:14.315,12.47951,12.48322,0.00,0.00
2016.04.21 05:14:15.366,12.47951,12.48301,0.00,0.00
2016.04.21 05:14:15.417,12.47929,12.48301,0.00,0.00
2016.04.21 05:14:15.518,12.4793,12.48292,0.00,0.00
2016.04.21 05:14:15.770,12.47949,12.48312,0.00,0.00
2016.04.21 05:14:15.975,12.47949,12.48341,0.00,0.00
2016.04.21 05:14:16.026,12.4795,12.48331,0.00,0.00
2016.04.21 05:14:16.098,12.4795,12.4834,0.00,0.00
2016.04.21 05:14:16.377,12.47951,12.48321,0.00,0.00
2016.04.21 05:14:16.979,12.47951,12.4833,0.00,0.00
2016.04.21 05:14:17.030,12.47951,12.48312,0.00,0.00
2016.04.21 05:14:18.537,12.47951,12.48341,0.00,0.00
2016.04.21 05:14:18.587,12.47959,12.48341,0.00,0.00
2016.04.21 05:14:18.968,12.47968,12.48349,0.00,0.00
2016.04.21 05:14:19.146,12.47951,12.48342,0.00,0.00
2016.04.21 05:14:19.247,12.47952,12.48322,0.00,0.00
2016.04.21 05:14:19.538,12.47951,12.48332,0.00,0.00
2016.04.21 05:14:19.604,12.47951,12.48311,0.00,0.00
2016.04.21 05:14:20.881,12.47942,12.48231,0.00,0.00
2016.04.21 05:14:20.932,12.47899,12.48231,0.00,0.00
2016.04.21 05:14:21.033,12.47851,12.48231,0.00,0.00
2016.04.21 05:14:21.134,12.47849,12.48211,0.00,0.00
2016.04.21 05:14:21.433,12.47849,12.48222,0.00,0.00
2016.04.21 05:14:21.483,12.4785,12.4822,0.00,0.00
2016.04.21 05:14:21.884,12.47852,12.48211,0.00,0.00
2016.04.21 05:14:23.167,12.47849,12.48211,0.00,0.00
2016.04.21 05:14:23.218,12.47841,12.4816,0.00,0.00
2016.04.21 05:14:23.269,12.4783,12.4816,0.00,0.00
2016.04.21 05:14:23.320,12.47849,12.48162,0.00,0.00
2016.04.21 05:14:23.421,12.47849,12.48171,0.00,0.00
2016.04.21 05:14:23.521,12.47849,12.48201,0.00,0.00
2016.04.21 05:14:23.590,12.4785,12.4819,0.00,0.00
2016.04.21 05:14:23.893,12.4785,12.48182,0.00,0.00
2016.04.21 05:14:24.195,12.47851,12.48161,0.00,0.00
2016.04.21 05:14:24.246,12.47851,12.48181,0.00,0.00
2016.04.21 05:14:24.494,12.47851,12.48161,0.00,0.00
2016.04.21 05:14:24.797,12.47851,12.48152,0.00,0.00
2016.04.21 05:14:24.848,12.47851,12.48171,0.00,0.00
2016.04.21 05:14:24.949,12.47851,12.48181,0.00,0.00
2016.04.21 05:14:25.799,12.47851,12.4818,0.00,0.00
2016.04.21 05:14:26.334,12.47851,12.48201,0.00,0.00
2016.04.21 05:14:26.401,12.47851,12.48211,0.00,0.00
2016.04.21 05:14:26.452,12.47851,12.48201,0.00,0.00
2016.04.21 05:14:26.553,12.47851,12.48211,0.00,0.00
2016.04.21 05:14:27.404,12.47851,12.48232,0.00,0.00
2016.04.21 05:14:27.555,12.47851,12.48241,0.00,0.00
2016.04.21 05:14:27.606,12.47909,12.48242,0.00,0.00
2016.04.21 05:14:27.757,12.47899,12.48251,0.00,0.00
2016.04.21 05:14:27.858,12.47899,12.48242,0.00,0.00
2016.04.21 05:14:28.041,12.479,12.4825,0.00,0.00
2016.04.21 05:14:28.809,12.47899,12.48251,0.00,0.00
2016.04.21 05:14:29.321,12.479,12.48241,0.00,0.00
2016.04.21 05:14:30.115,12.47899,12.48241,0.00,0.00
2016.04.21 05:14:30.245,12.47899,12.48251,0.00,0.00
2016.04.21 05:14:30.366,12.47899,12.48241,0.00,0.00
2016.04.21 05:14:31.155,12.47899,12.48251,0.00,0.00
2016.04.21 05:14:33.210,12.47899,12.48249,0.00,0.00
2016.04.21 05:14:33.733,12.479,12.48249,0.00,0.00
2016.04.21 05:14:34.331,12.479,12.4825,0.00,0.00
2016.04.21 05:14:34.883,12.47899,12.48251,0.00,0.00
2016.04.21 05:14:35.034,12.47869,12.48232,0.00,0.00
2016.04.21 05:14:35.135,12.47851,12.48241,0.00,0.00
2016.04.21 05:14:35.236,12.47851,12.48231,0.00,0.00
2016.04.21 05:14:36.690,12.47869,12.48231,0.00,0.00
2016.04.21 05:14:37.000,12.47919,12.48242,0.00,0.00
2016.04.21 05:14:37.060,12.47858,12.48251,0.00,0.00
2016.04.21 05:14:37.132,12.47851,12.48231,0.00,0.00
2016.04.21 05:14:37.472,12.47851,12.48222,0.00,0.00
2016.04.21 05:14:39.535,12.47851,12.48231,0.00,0.00
2016.04.21 05:14:40.199,12.47858,12.48249,0.00,0.00
2016.04.21 05:14:40.337,12.47851,12.48232,0.00,0.00
2016.04.21 05:14:40.438,12.47859,12.48249,0.00,0.00
2016.04.21 05:14:40.539,12.47851,12.48232,0.00,0.00
2016.04.21 05:14:41.944,12.47851,12.48211,0.00,0.00
2016.04.21 05:14:42.045,12.47851,12.48222,0.00,0.00
2016.04.21 05:14:42.096,12.47851,12.4822,0.00,0.00
2016.04.21 05:14:42.504,12.47851,12.48211,0.00,0.00
2016.04.21 05:14:42.555,12.47851,12.4822,0.00,0.00
2016.04.21 05:14:43.068,12.47851,12.48221,0.00,0.00
2016.04.21 05:14:43.824,12.47851,12.4822,0.00,0.00
2016.04.21 05:14:44.363,12.47851,12.48221,0.00,0.00
2016.04.21 05:14:45.065,12.47851,12.4822,0.00,0.00
2016.04.21 05:14:45.566,12.47851,12.48221,0.00,0.00
2016.04.21 05:14:46.568,12.47851,12.4822,0.00,0.00
2016.04.21 05:14:47.127,12.47851,12.48221,0.00,0.00
2016.04.21 05:14:47.509,12.47849,12.48221,0.00,0.00
2016.04.21 05:14:47.560,12.47892,12.48221,0.00,0.00
2016.04.21 05:14:47.610,12.47899,12.48232,0.00,0.00
2016.04.21 05:14:47.661,12.47899,12.48241,0.00,0.00
2016.04.21 05:14:47.712,12.47899,12.48251,0.00,0.00
2016.04.21 05:14:47.762,12.47899,12.48231,0.00,0.00
2016.04.21 05:14:47.864,12.47899,12.48251,0.00,0.00
2016.04.21 05:14:48.446,12.479,12.4825,0.00,0.00
2016.04.21 05:14:49.186,12.47899,12.48251,0.00,0.00
2016.04.21 05:14:49.887,12.479,12.48249,0.00,0.00
2016.04.21 05:14:49.988,12.47851,12.48242,0.00,0.00
2016.04.21 05:14:50.052,12.47851,12.48212,0.00,0.00
2016.04.21 05:14:50.267,12.47851,12.4823,0.00,0.00
2016.04.21 05:14:50.368,12.47851,12.48212,0.00,0.00
2016.04.21 05:14:51.869,12.47851,12.48222,0.00,0.00
2016.04.21 05:14:52.198,12.47851,12.48212,0.00,0.00
2016.04.21 05:14:52.936,12.47851,12.4822,0.00,0.00
2016.04.21 05:14:52.987,12.47851,12.48192,0.00,0.00
2016.04.21 05:14:54.509,12.47851,12.4821,0.00,0.00
2016.04.21 05:14:54.708,12.47851,12.48212,0.00,0.00
2016.04.21 05:14:56.262,12.47851,12.48221,0.00,0.00
2016.04.21 05:14:56.363,12.47851,12.4823,0.00,0.00
2016.04.21 05:14:56.497,12.47899,12.48249,0.00,0.00
2016.04.21 05:14:56.598,12.47869,12.48241,0.00,0.00
2016.04.21 05:14:56.662,12.47851,12.48241,0.00,0.00
2016.04.21 05:14:57.263,12.47851,12.48221,0.00,0.00
2016.04.21 05:14:59.166,12.47851,12.48222,0.00,0.00
2016.04.21 05:14:59.267,12.47851,12.48232,0.00,0.00
2016.04.21 05:15:01.068,12.47851,12.48222,0.00,0.00
2016.04.21 05:15:01.171,12.47851,12.48232,0.00,0.00
2016.04.21 05:15:01.221,12.47859,12.48232,0.00,0.00
2016.04.21 05:15:01.272,12.47859,12.48249,0.00,0.00
2016.04.21 05:15:01.370,12.47859,12.48242,0.00,0.00
2016.04.21 05:15:01.421,12.47851,12.48242,0.00,0.00
2016.04.21 05:15:01.472,12.47851,12.48221,0.00,0.00
2016.04.21 05:15:02.072,12.47851,12.48232,0.00,0.00
2016.04.21 05:15:02.200,12.47851,12.48222,0.00,0.00
2016.04.21 05:15:02.301,12.47851,12.48231,0.00,0.00
2016.04.21 05:15:04.851,12.47919,12.48231,0.00,0.00
2016.04.21 05:15:04.902,12.47919,12.48241,0.00,0.00
2016.04.21 05:15:05.003,12.47919,12.48251,0.00,0.00
2016.04.21 05:15:05.399,12.4792,12.48241,0.00,0.00
2016.04.21 05:15:05.910,12.47919,12.48241,0.00,0.00
2016.04.21 05:15:06.911,12.4792,12.48241,0.00,0.00
2016.04.21 05:15:07.913,12.47919,12.48241,0.00,0.00
2016.04.21 05:15:08.414,12.4792,12.48241,0.00,0.00
2016.04.21 05:15:08.620,12.47852,12.48211,0.00,0.00
2016.04.21 05:15:08.721,12.47852,12.4819,0.00,0.00
2016.04.21 05:15:09.108,12.47852,12.48181,0.00,0.00
2016.04.21 05:15:11.384,12.47852,12.48191,0.00,0.00
2016.04.21 05:15:12.058,12.47852,12.4819,0.00,0.00
2016.04.21 05:15:12.985,12.47852,12.48181,0.00,0.00
2016.04.21 05:15:13.506,12.47852,12.4818,0.00,0.00
2016.04.21 05:15:13.774,12.47778,12.48149,0.00,0.00
2016.04.21 05:15:13.874,12.47759,12.48132,0.00,0.00
2016.04.21 05:15:14.026,12.47751,12.48132,0.00,0.00
2016.04.21 05:15:15.590,12.47751,12.48122,0.00,0.00
2016.04.21 05:15:15.941,12.478,12.4815,0.00,0.00
2016.04.21 05:15:16.283,12.478,12.48142,0.00,0.00
2016.04.21 05:15:16.334,12.47791,12.48151,0.00,0.00
2016.04.21 05:15:16.435,12.47769,12.48142,0.00,0.00
2016.04.21 05:15:16.536,12.47799,12.48151,0.00,0.00
2016.04.21 05:15:16.687,12.47768,12.48142,0.00,0.00
2016.04.21 05:15:16.738,12.47799,12.48151,0.00,0.00
2016.04.21 05:15:17.058,12.478,12.48141,0.00,0.00
2016.04.21 05:15:17.108,12.478,12.4815,0.00,0.00
2016.04.21 05:15:18.011,12.478,12.48149,0.00,0.00
2016.04.21 05:15:18.062,12.47792,12.48149,0.00,0.00
2016.04.21 05:15:18.163,12.47758,12.48149,0.00,0.00
2016.04.21 05:15:18.395,12.47752,12.48142,0.00,0.00
2016.04.21 05:15:18.771,12.47752,12.48132,0.00,0.00
2016.04.21 05:15:20.344,12.47799,12.48151,0.00,0.00
2016.04.21 05:15:20.669,12.47818,12.48151,0.00,0.00
2016.04.21 05:15:20.770,12.478,12.48142,0.00,0.00
2016.04.21 05:15:20.940,12.478,12.4815,0.00,0.00
2016.04.21 05:15:21.508,12.47799,12.48151,0.00,0.00
2016.04.21 05:15:22.474,12.478,12.4815,0.00,0.00
2016.04.21 05:15:23.005,12.47799,12.48151,0.00,0.00
2016.04.21 05:15:23.844,12.478,12.4815,0.00,0.00
2016.04.21 05:15:24.106,12.47842,12.48151,0.00,0.00
2016.04.21 05:15:24.156,12.47852,12.48222,0.00,0.00
2016.04.21 05:15:24.508,12.47852,12.48201,0.00,0.00
2016.04.21 05:15:24.609,12.47852,12.48232,0.00,0.00
2016.04.21 05:15:25.010,12.47852,12.48222,0.00,0.00
2016.04.21 05:15:27.561,12.47852,12.48231,0.00,0.00
2016.04.21 05:15:29.091,12.47852,12.48242,0.00,0.00
2016.04.21 05:15:29.141,12.47852,12.48221,0.00,0.00
2016.04.21 05:15:29.540,12.47852,12.48211,0.00,0.00
2016.04.21 05:15:29.718,12.47852,12.48222,0.00,0.00
2016.04.21 05:15:30.859,12.47852,12.48221,0.00,0.00
2016.04.21 05:15:30.960,12.47841,12.48201,0.00,0.00
2016.04.21 05:15:31.010,12.47808,12.48201,0.00,0.00
2016.04.21 05:15:31.128,12.47801,12.48171,0.00,0.00
2016.04.21 05:15:31.229,12.47801,12.48182,0.00,0.00
2016.04.21 05:15:32.231,12.47801,12.48172,0.00,0.00
2016.04.21 05:15:32.332,12.47808,12.48201,0.00,0.00
2016.04.21 05:15:32.433,12.47802,12.48172,0.00,0.00
