2016.04.11 19:00:00.043,12.56619,12.5701,0.00,0.00
2016.04.11 19:00:00.203,12.56619,12.57002,0.00,0.00
2016.04.11 19:00:00.505,12.5668,12.57061,0.00,0.00
2016.04.11 19:00:00.703,12.56698,12.57092,0.00,0.00
2016.04.11 19:00:00.754,12.5676,12.57092,0.00,0.00
2016.04.11 19:00:00.876,12.56698,12.57092,0.00,0.00
2016.04.11 19:00:01.004,12.5669,12.57071,0.00,0.00
2016.04.11 19:00:01.328,12.56689,12.57041,0.00,0.00
2016.04.11 19:00:01.669,12.56668,12.56971,0.00,0.00
2016.04.11 19:00:01.960,12.5663,12.5696,0.00,0.00
2016.04.11 19:00:02.606,12.56629,12.56961,0.00,0.00
2016.04.11 19:00:02.657,12.56638,12.56961,0.00,0.00
2016.04.11 19:00:02.707,12.56638,12.5697,0.00,0.00
2016.04.11 19:00:02.758,12.5663,12.5697,0.00,0.00
2016.04.11 19:00:03.418,12.56629,12.56971,0.00,0.00
2016.04.11 19:00:06.090,12.5663,12.5697,0.00,0.00
2016.04.11 19:00:06.182,12.56629,12.56961,0.00,0.00
2016.04.11 19:00:06.485,12.5663,12.5695,0.00,0.00
2016.04.11 19:00:06.886,12.5663,12.56961,0.00,0.00
2016.04.11 19:00:07.136,12.5663,12.5697,0.00,0.00
2016.04.11 19:00:07.187,12.56629,12.56951,0.00,0.00
2016.04.11 19:00:07.388,12.5663,12.5696,0.00,0.00
2016.04.11 19:00:07.714,12.5663,12.5697,0.00,0.00
2016.04.11 19:00:08.989,12.5663,12.5696,0.00,0.00
2016.04.11 19:00:09.377,12.56629,12.56962,0.00,0.00
2016.04.11 19:00:09.594,12.56629,12.56971,0.00,0.00
2016.04.11 19:00:10.451,12.56629,12.56948,0.00,0.00
2016.04.11 19:00:10.501,12.56589,12.56921,0.00,0.00
2016.04.11 19:00:10.602,12.5658,12.5692,0.00,0.00
2016.04.11 19:00:10.905,12.56588,12.5693,0.00,0.00
2016.04.11 19:00:11.010,12.56559,12.56921,0.00,0.00
2016.04.11 19:00:11.576,12.5656,12.5692,0.00,0.00
2016.04.11 19:00:12.288,12.56559,12.56921,0.00,0.00
2016.04.11 19:00:12.753,12.56571,12.56921,0.00,0.00
2016.04.11 19:00:12.854,12.5659,12.56951,0.00,0.00
2016.04.11 19:00:12.955,12.5659,12.56962,0.00,0.00
2016.04.11 19:00:13.459,12.56589,12.56962,0.00,0.00
2016.04.11 19:00:13.625,12.5659,12.56952,0.00,0.00
2016.04.11 19:00:14.217,12.56589,12.56952,0.00,0.00
2016.04.11 19:00:15.198,12.5659,12.5695,0.00,0.00
2016.04.11 19:00:15.499,12.56619,12.5696,0.00,0.00
2016.04.11 19:00:15.550,12.5659,12.56942,0.00,0.00
2016.04.11 19:00:15.618,12.5659,12.56952,0.00,0.00
2016.04.11 19:00:15.750,12.56589,12.56931,0.00,0.00
2016.04.11 19:00:16.250,12.5659,12.56942,0.00,0.00
2016.04.11 19:00:16.521,12.56609,12.5695,0.00,0.00
2016.04.11 19:00:16.621,12.5659,12.56942,0.00,0.00
2016.04.11 19:00:16.957,12.56589,12.56932,0.00,0.00
2016.04.11 19:00:17.021,12.56589,12.56952,0.00,0.00
2016.04.11 19:00:17.353,12.5659,12.56942,0.00,0.00
2016.04.11 19:00:17.453,12.56589,12.56951,0.00,0.00
2016.04.11 19:00:18.036,12.5659,12.56942,0.00,0.00
2016.04.11 19:00:18.138,12.56608,12.5697,0.00,0.00
2016.04.11 19:00:19.048,12.56589,12.56971,0.00,0.00
2016.04.11 19:00:19.149,12.56589,12.56942,0.00,0.00
2016.04.11 19:00:19.249,12.56589,12.56971,0.00,0.00
2016.04.11 19:00:19.358,12.56609,12.56971,0.00,0.00
2016.04.11 19:00:19.661,12.5659,12.56942,0.00,0.00
2016.04.11 19:00:19.877,12.56608,12.56971,0.00,0.00
2016.04.11 19:00:19.962,12.5659,12.56931,0.00,0.00
2016.04.11 19:00:20.185,12.56589,12.56941,0.00,0.00
2016.04.11 19:00:21.111,12.5659,12.56941,0.00,0.00
2016.04.11 19:00:21.865,12.5659,12.56931,0.00,0.00
2016.04.11 19:00:21.965,12.5659,12.56952,0.00,0.00
2016.04.11 19:00:22.016,12.56571,12.5687,0.00,0.00
2016.04.11 19:00:22.067,12.5656,12.5687,0.00,0.00
2016.04.11 19:00:22.617,12.56559,12.56871,0.00,0.00
2016.04.11 19:00:23.166,12.5656,12.5687,0.00,0.00
2016.04.11 19:00:23.340,12.5653,12.5687,0.00,0.00
2016.04.11 19:00:23.918,12.56529,12.56871,0.00,0.00
2016.04.11 19:00:24.370,12.5653,12.56861,0.00,0.00
2016.04.11 19:00:24.570,12.56529,12.56871,0.00,0.00
2016.04.11 19:00:24.621,12.56579,12.56871,0.00,0.00
2016.04.11 19:00:25.724,12.5658,12.5687,0.00,0.00
2016.04.11 19:00:26.227,12.56579,12.56871,0.00,0.00
2016.04.11 19:00:27.032,12.5658,12.5687,0.00,0.00
2016.04.11 19:00:27.833,12.56579,12.56871,0.00,0.00
2016.04.11 19:00:28.169,12.56579,12.56848,0.00,0.00
2016.04.11 19:00:28.269,12.56499,12.56821,0.00,0.00
2016.04.11 19:00:28.320,12.56489,12.56821,0.00,0.00
2016.04.11 19:00:28.371,12.56529,12.56842,0.00,0.00
2016.04.11 19:00:28.421,12.56529,12.56848,0.00,0.00
2016.04.11 19:00:28.833,12.56479,12.56848,0.00,0.00
2016.04.11 19:00:28.936,12.56479,12.56842,0.00,0.00
2016.04.11 19:00:29.897,12.56479,12.56832,0.00,0.00
2016.04.11 19:00:29.998,12.56479,12.56842,0.00,0.00
2016.04.11 19:00:30.099,12.56479,12.56852,0.00,0.00
2016.04.11 19:00:31.701,12.56489,12.56871,0.00,0.00
2016.04.11 19:00:32.402,12.56479,12.56851,0.00,0.00
2016.04.11 19:00:32.503,12.56488,12.5687,0.00,0.00
2016.04.11 19:00:33.273,12.56528,12.5687,0.00,0.00
2016.04.11 19:00:33.560,12.56599,12.5695,0.00,0.00
2016.04.11 19:00:33.611,12.5659,12.5695,0.00,0.00
2016.04.11 19:00:33.712,12.56589,12.56932,0.00,0.00
2016.04.11 19:00:33.813,12.56589,12.56952,0.00,0.00
2016.04.11 19:00:33.945,12.56579,12.56941,0.00,0.00
2016.04.11 19:00:34.247,12.5658,12.56922,0.00,0.00
2016.04.11 19:00:34.560,12.56652,12.56941,0.00,0.00
2016.04.11 19:00:34.907,12.56652,12.5687,0.00,0.00
2016.04.11 19:00:35.109,12.56551,12.56871,0.00,0.00
2016.04.11 19:00:36.367,12.56551,12.5687,0.00,0.00
2016.04.11 19:00:36.468,12.56551,12.56882,0.00,0.00
2016.04.11 19:00:36.519,12.56602,12.56882,0.00,0.00
2016.04.11 19:00:36.569,12.56602,12.56902,0.00,0.00
2016.04.11 19:00:36.621,12.56602,12.56911,0.00,0.00
2016.04.11 19:00:36.772,12.56602,12.5687,0.00,0.00
2016.04.11 19:00:37.359,12.56602,12.56871,0.00,0.00
2016.04.11 19:00:37.879,12.56552,12.56871,0.00,0.00
2016.04.11 19:00:38.385,12.56552,12.5687,0.00,0.00
2016.04.11 19:00:38.486,12.56589,12.56892,0.00,0.00
2016.04.11 19:00:38.537,12.56589,12.56948,0.00,0.00
2016.04.11 19:00:38.587,12.56652,12.56951,0.00,0.00
2016.04.11 19:00:39.326,12.56652,12.56971,0.00,0.00
2016.04.11 19:00:39.477,12.56652,12.56871,0.00,0.00
2016.04.11 19:00:39.528,12.56552,12.56871,0.00,0.00
2016.04.11 19:00:39.679,12.56552,12.5692,0.00,0.00
2016.04.11 19:00:40.366,12.56552,12.56921,0.00,0.00
2016.04.11 19:00:40.768,12.56552,12.5681,0.00,0.00
2016.04.11 19:00:40.830,12.56462,12.56802,0.00,0.00
2016.04.11 19:00:40.931,12.56451,12.56802,0.00,0.00
2016.04.11 19:00:41.934,12.56451,12.56811,0.00,0.00
2016.04.11 19:00:42.366,12.56451,12.568,0.00,0.00
2016.04.11 19:00:42.872,12.56451,12.56801,0.00,0.00
2016.04.11 19:00:42.986,12.56451,12.56811,0.00,0.00
2016.04.11 19:00:43.087,12.56451,12.56801,0.00,0.00
2016.04.11 19:00:43.666,12.56451,12.56802,0.00,0.00
2016.04.11 19:00:44.708,12.56451,12.568,0.00,0.00
2016.04.11 19:00:45.317,12.56451,12.56801,0.00,0.00
2016.04.11 19:00:46.026,12.56451,12.56811,0.00,0.00
2016.04.11 19:00:46.229,12.56451,12.56802,0.00,0.00
2016.04.11 19:00:46.388,12.56451,12.5681,0.00,0.00
2016.04.11 19:00:46.717,12.56451,12.56791,0.00,0.00
2016.04.11 19:00:46.792,12.56451,12.5681,0.00,0.00
2016.04.11 19:00:47.327,12.56451,12.56811,0.00,0.00
2016.04.11 19:00:47.987,12.56451,12.5681,0.00,0.00
2016.04.11 19:00:48.037,12.56451,12.56801,0.00,0.00
2016.04.11 19:00:48.697,12.56451,12.568,0.00,0.00
2016.04.11 19:00:49.357,12.56451,12.5681,0.00,0.00
2016.04.11 19:00:50.111,12.56451,12.56811,0.00,0.00
2016.04.11 19:00:50.191,12.56501,12.56811,0.00,0.00
2016.04.11 19:00:50.243,12.56501,12.56821,0.00,0.00
2016.04.11 19:00:50.343,12.56518,12.56861,0.00,0.00
2016.04.11 19:00:50.463,12.56518,12.56871,0.00,0.00
2016.04.11 19:00:51.131,12.56518,12.5687,0.00,0.00
2016.04.11 19:00:51.592,12.56552,12.56871,0.00,0.00
2016.04.11 19:00:52.216,12.56552,12.5687,0.00,0.00
2016.04.11 19:00:53.519,12.56552,12.56871,0.00,0.00
2016.04.11 19:00:54.020,12.56552,12.5687,0.00,0.00
2016.04.11 19:00:54.522,12.56552,12.56871,0.00,0.00
2016.04.11 19:00:55.023,12.56552,12.5687,0.00,0.00
2016.04.11 19:00:55.553,12.56552,12.56871,0.00,0.00
2016.04.11 19:00:56.326,12.56552,12.5687,0.00,0.00
2016.04.11 19:00:56.827,12.56552,12.56871,0.00,0.00
2016.04.11 19:00:57.632,12.56602,12.56892,0.00,0.00
2016.04.11 19:00:57.733,12.56602,12.56912,0.00,0.00
2016.04.11 19:00:57.834,12.56602,12.56961,0.00,0.00
2016.04.11 19:00:57.943,12.56602,12.56952,0.00,0.00
2016.04.11 19:00:58.332,12.56602,12.5697,0.00,0.00
2016.04.11 19:00:58.432,12.56602,12.56962,0.00,0.00
2016.04.11 19:00:58.999,12.56651,12.56962,0.00,0.00
2016.04.11 19:00:59.405,12.56651,12.5697,0.00,0.00
2016.04.11 19:00:59.744,12.56651,12.5692,0.00,0.00
2016.04.11 19:00:59.847,12.56651,12.56922,0.00,0.00
2016.04.11 19:00:59.947,12.56651,12.56941,0.00,0.00
2016.04.11 19:00:59.998,12.56651,12.5697,0.00,0.00
2016.04.11 19:01:00.214,12.56651,12.56951,0.00,0.00
2016.04.11 19:01:03.624,12.56651,12.56961,0.00,0.00
2016.04.11 19:01:03.725,12.56651,12.56952,0.00,0.00
2016.04.11 19:01:04.239,12.56651,12.56931,0.00,0.00
2016.04.11 19:01:04.340,12.56651,12.56952,0.00,0.00
2016.04.11 19:01:05.196,12.56651,12.5697,0.00,0.00
2016.04.11 19:01:05.248,12.56651,12.56952,0.00,0.00
2016.04.11 19:01:08.861,12.56679,12.56962,0.00,0.00
2016.04.11 19:01:08.922,12.56679,12.56971,0.00,0.00
2016.04.11 19:01:09.173,12.56651,12.56971,0.00,0.00
2016.04.11 19:01:09.692,12.56651,12.5697,0.00,0.00
2016.04.11 19:01:10.197,12.56651,12.56971,0.00,0.00
2016.04.11 19:01:10.725,12.56651,12.5697,0.00,0.00
2016.04.11 19:01:10.858,12.56651,12.56961,0.00,0.00
2016.04.11 19:01:11.326,12.56651,12.56971,0.00,0.00
2016.04.11 19:01:11.527,12.56651,12.56951,0.00,0.00
2016.04.11 19:01:11.628,12.56651,12.56971,0.00,0.00
2016.04.11 19:01:11.729,12.56651,12.56951,0.00,0.00
2016.04.11 19:01:11.830,12.56651,12.56971,0.00,0.00
2016.04.11 19:01:12.763,12.56651,12.5697,0.00,0.00
2016.04.11 19:01:13.264,12.56651,12.56971,0.00,0.00
2016.04.11 19:01:15.615,12.56682,12.56971,0.00,0.00
2016.04.11 19:01:15.669,12.56689,12.56992,0.00,0.00
2016.04.11 19:01:15.770,12.56689,12.57001,0.00,0.00
2016.04.11 19:01:15.912,12.56708,12.5707,0.00,0.00
2016.04.11 19:01:16.307,12.56698,12.57071,0.00,0.00
2016.04.11 19:01:16.367,12.56689,12.57071,0.00,0.00
2016.04.11 19:01:16.968,12.56698,12.57071,0.00,0.00
2016.04.11 19:01:17.471,12.56689,12.57071,0.00,0.00
2016.04.11 19:01:17.521,12.56699,12.57071,0.00,0.00
2016.04.11 19:01:17.824,12.56751,12.57111,0.00,0.00
2016.04.11 19:01:18.783,12.56751,12.5707,0.00,0.00
2016.04.11 19:01:19.374,12.56751,12.57071,0.00,0.00
2016.04.11 19:01:20.681,12.56751,12.5707,0.00,0.00
2016.04.11 19:01:21.482,12.56751,12.57071,0.00,0.00
2016.04.11 19:01:22.786,12.56751,12.5707,0.00,0.00
2016.04.11 19:01:23.388,12.56751,12.57071,0.00,0.00
2016.04.11 19:01:24.289,12.56751,12.5707,0.00,0.00
2016.04.11 19:01:25.793,12.56751,12.57071,0.00,0.00
2016.04.11 19:01:26.244,12.56802,12.5707,0.00,0.00
2016.04.11 19:01:26.295,12.56802,12.57101,0.00,0.00
2016.04.11 19:01:26.446,12.56802,12.57122,0.00,0.00
2016.04.11 19:01:26.547,12.56802,12.57131,0.00,0.00
2016.04.11 19:01:26.598,12.56802,12.57141,0.00,0.00
2016.04.11 19:01:26.705,12.56802,12.57122,0.00,0.00
2016.04.11 19:01:26.947,12.56802,12.57141,0.00,0.00
2016.04.11 19:01:27.311,12.56802,12.57111,0.00,0.00
2016.04.11 19:01:27.412,12.56802,12.57151,0.00,0.00
2016.04.11 19:01:27.639,12.56852,12.57151,0.00,0.00
2016.04.11 19:01:28.844,12.56852,12.57121,0.00,0.00
2016.04.11 19:01:29.068,12.56801,12.5712,0.00,0.00
2016.04.11 19:01:29.628,12.56801,12.57121,0.00,0.00
2016.04.11 19:01:29.730,12.56801,12.57142,0.00,0.00
2016.04.11 19:01:29.872,12.56801,12.57152,0.00,0.00
2016.04.11 19:01:29.974,12.56801,12.57122,0.00,0.00
2016.04.11 19:01:30.133,12.56801,12.57131,0.00,0.00
2016.04.11 19:01:30.237,12.56801,12.57122,0.00,0.00
2016.04.11 19:01:30.617,12.56852,12.57122,0.00,0.00
2016.04.11 19:01:30.858,12.56852,12.57132,0.00,0.00
2016.04.11 19:01:32.061,12.56852,12.57141,0.00,0.00
2016.04.11 19:01:32.116,12.56852,12.57171,0.00,0.00
2016.04.11 19:01:32.512,12.56852,12.57121,0.00,0.00
2016.04.11 19:01:32.563,12.56801,12.57121,0.00,0.00
2016.04.11 19:01:33.064,12.56801,12.57122,0.00,0.00
2016.04.11 19:01:33.124,12.56801,12.57142,0.00,0.00
2016.04.11 19:01:33.225,12.56801,12.57162,0.00,0.00
2016.04.11 19:01:33.965,12.56852,12.57162,0.00,0.00
2016.04.11 19:01:34.267,12.56852,12.57131,0.00,0.00
2016.04.11 19:01:35.370,12.56852,12.5716,0.00,0.00
2016.04.11 19:01:35.426,12.56852,12.57142,0.00,0.00
2016.04.11 19:01:37.759,12.56801,12.5712,0.00,0.00
2016.04.11 19:01:38.426,12.56801,12.57121,0.00,0.00
2016.04.11 19:01:38.960,12.56801,12.5712,0.00,0.00
2016.04.11 19:01:39.528,12.56801,12.57121,0.00,0.00
2016.04.11 19:01:40.076,12.56801,12.5712,0.00,0.00
2016.04.11 19:01:40.581,12.56801,12.57121,0.00,0.00
2016.04.11 19:01:41.633,12.56801,12.5712,0.00,0.00
2016.04.11 19:01:42.261,12.56801,12.57121,0.00,0.00
2016.04.11 19:01:42.871,12.56801,12.5712,0.00,0.00
2016.04.11 19:01:43.582,12.56801,12.57121,0.00,0.00
2016.04.11 19:01:44.240,12.56801,12.57132,0.00,0.00
2016.04.11 19:01:44.291,12.56852,12.57132,0.00,0.00
2016.04.11 19:01:44.342,12.56852,12.5717,0.00,0.00
2016.04.11 19:01:44.857,12.56852,12.57171,0.00,0.00
2016.04.11 19:01:45.442,12.56852,12.5717,0.00,0.00
2016.04.11 19:01:45.944,12.56852,12.57171,0.00,0.00
2016.04.11 19:01:46.553,12.56852,12.5717,0.00,0.00
2016.04.11 19:01:47.164,12.56852,12.57171,0.00,0.00
2016.04.11 19:01:48.650,12.5687,12.5717,0.00,0.00
2016.04.11 19:01:48.801,12.56902,12.57241,0.00,0.00
2016.04.11 19:01:48.902,12.56902,12.57232,0.00,0.00
2016.04.11 19:01:49.244,12.56902,12.57222,0.00,0.00
2016.04.11 19:01:49.324,12.56902,12.57242,0.00,0.00
2016.04.11 19:01:49.496,12.56902,12.57222,0.00,0.00
2016.04.11 19:01:50.000,12.56902,12.57212,0.00,0.00
2016.04.11 19:01:50.313,12.56951,12.57222,0.00,0.00
2016.04.11 19:01:50.473,12.56951,12.57252,0.00,0.00
2016.04.11 19:01:50.624,12.56951,12.5727,0.00,0.00
2016.04.11 19:01:51.357,12.56951,12.57271,0.00,0.00
2016.04.11 19:01:51.608,12.56951,12.57262,0.00,0.00
2016.04.11 19:01:51.709,12.56951,12.57271,0.00,0.00
2016.04.11 19:01:52.258,12.56951,12.5727,0.00,0.00
2016.04.11 19:01:52.309,12.56951,12.57261,0.00,0.00
2016.04.11 19:01:52.660,12.56951,12.5722,0.00,0.00
2016.04.11 19:01:52.911,12.56901,12.57221,0.00,0.00
2016.04.11 19:01:53.862,12.56901,12.5722,0.00,0.00
2016.04.11 19:01:54.363,12.56901,12.57221,0.00,0.00
2016.04.11 19:01:55.479,12.56951,12.57241,0.00,0.00
2016.04.11 19:01:55.580,12.56951,12.57261,0.00,0.00
2016.04.11 19:01:55.631,12.56951,12.57251,0.00,0.00
2016.04.11 19:01:55.932,12.56951,12.57221,0.00,0.00
2016.04.11 19:01:56.032,12.56951,12.57241,0.00,0.00
2016.04.11 19:01:56.133,12.56951,12.57232,0.00,0.00
2016.04.11 19:01:56.442,12.56951,12.57211,0.00,0.00
2016.04.11 19:01:56.867,12.56902,12.57211,0.00,0.00
2016.04.11 19:01:56.968,12.56902,12.57221,0.00,0.00
2016.04.11 19:01:57.873,12.56902,12.57241,0.00,0.00
2016.04.11 19:01:57.974,12.56902,12.5727,0.00,0.00
2016.04.11 19:01:58.039,12.56902,12.57251,0.00,0.00
2016.04.11 19:01:58.140,12.56902,12.5727,0.00,0.00
2016.04.11 19:01:58.268,12.56952,12.5727,0.00,0.00
2016.04.11 19:01:58.725,12.56952,12.57262,0.00,0.00
2016.04.11 19:02:00.143,12.56952,12.57271,0.00,0.00
2016.04.11 19:02:00.545,12.56952,12.57261,0.00,0.00
2016.04.11 19:02:00.848,12.56952,12.57241,0.00,0.00
2016.04.11 19:02:01.101,12.56952,12.57261,0.00,0.00
2016.04.11 19:02:01.202,12.56952,12.5727,0.00,0.00
2016.04.11 19:02:02.109,12.56952,12.57261,0.00,0.00
2016.04.11 19:02:02.330,12.56952,12.57271,0.00,0.00
2016.04.11 19:02:03.022,12.56952,12.5727,0.00,0.00
2016.04.11 19:02:03.583,12.56952,12.57271,0.00,0.00
2016.04.11 19:02:04.317,12.56952,12.5727,0.00,0.00
2016.04.11 19:02:04.519,12.57002,12.57282,0.00,0.00
2016.04.11 19:02:04.821,12.57002,12.57271,0.00,0.00
2016.04.11 19:02:05.156,12.57002,12.57221,0.00,0.00
2016.04.11 19:02:05.272,12.57002,12.5727,0.00,0.00
2016.04.11 19:02:05.473,12.57002,12.57232,0.00,0.00
2016.04.11 19:02:05.875,12.56952,12.57232,0.00,0.00
2016.04.11 19:02:08.082,12.56952,12.57251,0.00,0.00
2016.04.11 19:02:08.210,12.56952,12.57292,0.00,0.00
2016.04.11 19:02:08.311,12.56952,12.57271,0.00,0.00
2016.04.11 19:02:08.893,12.56952,12.5727,0.00,0.00
2016.04.11 19:02:09.011,12.56959,12.57281,0.00,0.00
2016.04.11 19:02:09.078,12.57002,12.57281,0.00,0.00
2016.04.11 19:02:09.129,12.57002,12.57292,0.00,0.00
2016.04.11 19:02:09.190,12.57002,12.57311,0.00,0.00
2016.04.11 19:02:09.590,12.57002,12.57301,0.00,0.00
2016.04.11 19:02:09.691,12.57002,12.57311,0.00,0.00
2016.04.11 19:02:09.792,12.57002,12.5737,0.00,0.00
2016.04.11 19:02:10.342,12.57002,12.57371,0.00,0.00
2016.04.11 19:02:10.392,12.57051,12.57371,0.00,0.00
2016.04.11 19:02:11.097,12.57051,12.5737,0.00,0.00
2016.04.11 19:02:12.016,12.57051,12.57371,0.00,0.00
2016.04.11 19:02:12.336,12.57051,12.57332,0.00,0.00
2016.04.11 19:02:12.500,12.57051,12.57341,0.00,0.00
2016.04.11 19:02:12.601,12.57051,12.57332,0.00,0.00
2016.04.11 19:02:12.702,12.57051,12.57342,0.00,0.00
2016.04.11 19:02:12.803,12.57051,12.57371,0.00,0.00
2016.04.11 19:02:12.881,12.57001,12.57371,0.00,0.00
2016.04.11 19:02:12.932,12.57001,12.57321,0.00,0.00
2016.04.11 19:02:13.032,12.57001,12.57361,0.00,0.00
2016.04.11 19:02:13.083,12.57001,12.57371,0.00,0.00
2016.04.11 19:02:13.133,12.57001,12.57321,0.00,0.00
2016.04.11 19:02:13.842,12.57001,12.5732,0.00,0.00
2016.04.11 19:02:14.211,12.56979,12.57321,0.00,0.00
2016.04.11 19:02:14.261,12.56979,12.57271,0.00,0.00
2016.04.11 19:02:14.312,12.56979,12.57321,0.00,0.00
2016.04.11 19:02:14.414,12.5698,12.57292,0.00,0.00
2016.04.11 19:02:14.478,12.5698,12.57312,0.00,0.00
2016.04.11 19:02:14.579,12.5698,12.5732,0.00,0.00
2016.04.11 19:02:14.818,12.5698,12.57341,0.00,0.00
2016.04.11 19:02:14.919,12.57051,12.57362,0.00,0.00
2016.04.11 19:02:15.020,12.57051,12.57371,0.00,0.00
2016.04.11 19:02:15.124,12.57051,12.5732,0.00,0.00
2016.04.11 19:02:15.714,12.57051,12.57321,0.00,0.00
2016.04.11 19:02:16.226,12.57051,12.5732,0.00,0.00
2016.04.11 19:02:16.328,12.57001,12.5732,0.00,0.00
2016.04.11 19:02:16.429,12.57001,12.57331,0.00,0.00
2016.04.11 19:02:16.531,12.57001,12.5732,0.00,0.00
2016.04.11 19:02:16.928,12.57001,12.57331,0.00,0.00
2016.04.11 19:02:17.115,12.56981,12.57362,0.00,0.00
2016.04.11 19:02:18.920,12.57101,12.5737,0.00,0.00
2016.04.11 19:02:18.971,12.57101,12.57422,0.00,0.00
2016.04.11 19:02:19.072,12.57101,12.57461,0.00,0.00
2016.04.11 19:02:19.304,12.57101,12.57471,0.00,0.00
2016.04.11 19:02:19.354,12.57101,12.57421,0.00,0.00
2016.04.11 19:02:19.455,12.57101,12.57431,0.00,0.00
2016.04.11 19:02:19.508,12.57101,12.57401,0.00,0.00
2016.04.11 19:02:19.609,12.57101,12.57462,0.00,0.00
2016.04.11 19:02:19.748,12.57101,12.57451,0.00,0.00
2016.04.11 19:02:19.857,12.57101,12.57462,0.00,0.00
2016.04.11 19:02:19.958,12.57101,12.5747,0.00,0.00
2016.04.11 19:02:20.238,12.57101,12.57462,0.00,0.00
2016.04.11 19:02:20.564,12.57151,12.57462,0.00,0.00
2016.04.11 19:02:20.710,12.57151,12.57471,0.00,0.00
2016.04.11 19:02:20.913,12.57151,12.57452,0.00,0.00
2016.04.11 19:02:21.223,12.57151,12.57462,0.00,0.00
2016.04.11 19:02:21.324,12.57151,12.57452,0.00,0.00
2016.04.11 19:02:21.617,12.57151,12.57471,0.00,0.00
2016.04.11 19:02:22.041,12.57151,12.57452,0.00,0.00
2016.04.11 19:02:22.118,12.57151,12.5747,0.00,0.00
2016.04.11 19:02:23.035,12.57151,12.57471,0.00,0.00
2016.04.11 19:02:23.647,12.57151,12.5747,0.00,0.00
2016.04.11 19:02:24.150,12.57151,12.57471,0.00,0.00
2016.04.11 19:02:24.697,12.57151,12.5747,0.00,0.00
2016.04.11 19:02:25.089,12.57151,12.57462,0.00,0.00
2016.04.11 19:02:25.782,12.57151,12.57442,0.00,0.00
2016.04.11 19:02:26.732,12.57151,12.5748,0.00,0.00
2016.04.11 19:02:26.884,12.57151,12.57452,0.00,0.00
2016.04.11 19:02:27.343,12.57151,12.57432,0.00,0.00
2016.04.11 19:02:27.704,12.57151,12.57462,0.00,0.00
2016.04.11 19:02:27.805,12.57151,12.5749,0.00,0.00
2016.04.11 19:02:28.646,12.57151,12.57481,0.00,0.00
2016.04.11 19:02:28.947,12.57151,12.57461,0.00,0.00
2016.04.11 19:02:28.997,12.57151,12.57482,0.00,0.00
2016.04.11 19:02:29.581,12.57151,12.57491,0.00,0.00
2016.04.11 19:02:29.699,12.57151,12.57481,0.00,0.00
2016.04.11 19:02:29.813,12.57151,12.57491,0.00,0.00
2016.04.11 19:02:29.914,12.57151,12.57481,0.00,0.00
2016.04.11 19:02:31.524,12.57151,12.57462,0.00,0.00
2016.04.11 19:02:31.624,12.57151,12.57482,0.00,0.00
2016.04.11 19:02:31.725,12.57151,12.5749,0.00,0.00
2016.04.11 19:02:32.605,12.57201,12.57481,0.00,0.00
2016.04.11 19:02:32.706,12.57201,12.57491,0.00,0.00
2016.04.11 19:02:32.806,12.57201,12.57482,0.00,0.00
2016.04.11 19:02:33.119,12.57201,12.5749,0.00,0.00
2016.04.11 19:02:33.170,12.57201,12.57481,0.00,0.00
2016.04.11 19:02:33.492,12.57201,12.57462,0.00,0.00
2016.04.11 19:02:34.046,12.57151,12.57462,0.00,0.00
2016.04.11 19:02:34.320,12.57151,12.57481,0.00,0.00
2016.04.11 19:02:34.620,12.57151,12.57461,0.00,0.00
2016.04.11 19:02:34.721,12.57151,12.57481,0.00,0.00
2016.04.11 19:02:34.822,12.57151,12.57472,0.00,0.00
2016.04.11 19:02:34.923,12.57151,12.57481,0.00,0.00
2016.04.11 19:02:35.553,12.57151,12.5749,0.00,0.00
2016.04.11 19:02:35.704,12.57251,12.57502,0.00,0.00
2016.04.11 19:02:35.755,12.57251,12.5754,0.00,0.00
2016.04.11 19:02:35.856,12.57251,12.5756,0.00,0.00
2016.04.11 19:02:35.957,12.57251,12.57542,0.00,0.00
2016.04.11 19:02:36.057,12.57251,12.57552,0.00,0.00
2016.04.11 19:02:36.162,12.57251,12.5754,0.00,0.00
2016.04.11 19:02:36.263,12.57251,12.5756,0.00,0.00
2016.04.11 19:02:36.395,12.57251,12.57511,0.00,0.00
2016.04.11 19:02:36.445,12.57251,12.5754,0.00,0.00
2016.04.11 19:02:36.496,12.57251,12.57551,0.00,0.00
2016.04.11 19:02:36.597,12.57251,12.57571,0.00,0.00
2016.04.11 19:02:36.647,12.57251,12.57542,0.00,0.00
2016.04.11 19:02:36.979,12.57251,12.57521,0.00,0.00
2016.04.11 19:02:37.030,12.57251,12.57541,0.00,0.00
2016.04.11 19:02:37.131,12.57202,12.57511,0.00,0.00
2016.04.11 19:02:37.530,12.57202,12.57541,0.00,0.00
2016.04.11 19:02:37.631,12.57202,12.57551,0.00,0.00
2016.04.11 19:02:37.823,12.57202,12.57532,0.00,0.00
2016.04.11 19:02:38.506,12.57251,12.57532,0.00,0.00
2016.04.11 19:02:38.622,12.57251,12.57542,0.00,0.00
2016.04.11 19:02:38.723,12.57251,12.57581,0.00,0.00
2016.04.11 19:02:39.253,12.57251,12.57582,0.00,0.00
2016.04.11 19:02:39.434,12.57251,12.5759,0.00,0.00
2016.04.11 19:02:39.924,12.57251,12.57572,0.00,0.00
2016.04.11 19:02:40.025,12.57251,12.5759,0.00,0.00
2016.04.11 19:02:40.269,12.57251,12.57571,0.00,0.00
2016.04.11 19:02:40.425,12.57251,12.57582,0.00,0.00
2016.04.11 19:02:40.526,12.57251,12.57571,0.00,0.00
2016.04.11 19:02:40.841,12.57251,12.57532,0.00,0.00
2016.04.11 19:02:41.226,12.57251,12.5758,0.00,0.00
2016.04.11 19:02:41.734,12.57251,12.57581,0.00,0.00
2016.04.11 19:02:42.278,12.57251,12.57511,0.00,0.00
2016.04.11 19:02:42.329,12.57201,12.57511,0.00,0.00
2016.04.11 19:02:42.431,12.57201,12.57501,0.00,0.00
2016.04.11 19:02:43.482,12.57201,12.57542,0.00,0.00
2016.04.11 19:02:43.552,12.57201,12.57561,0.00,0.00
2016.04.11 19:02:43.611,12.57251,12.57561,0.00,0.00
2016.04.11 19:02:44.044,12.57251,12.57522,0.00,0.00
2016.04.11 19:02:44.553,12.57251,12.57542,0.00,0.00
2016.04.11 19:02:45.660,12.57251,12.57551,0.00,0.00
2016.04.11 19:02:46.456,12.57251,12.57521,0.00,0.00
2016.04.11 19:02:46.557,12.57251,12.57532,0.00,0.00
2016.04.11 19:02:47.157,12.57251,12.57561,0.00,0.00
2016.04.11 19:02:47.304,12.57251,12.57581,0.00,0.00
2016.04.11 19:02:47.355,12.57251,12.57531,0.00,0.00
2016.04.11 19:02:47.406,12.57251,12.57581,0.00,0.00
2016.04.11 19:02:47.458,12.57251,12.57572,0.00,0.00
2016.04.11 19:02:48.304,12.57251,12.5756,0.00,0.00
2016.04.11 19:02:48.666,12.57251,12.57552,0.00,0.00
2016.04.11 19:02:50.200,12.57251,12.57571,0.00,0.00
2016.04.11 19:02:50.301,12.57251,12.57562,0.00,0.00
2016.04.11 19:02:51.294,12.57251,12.57591,0.00,0.00
2016.04.11 19:02:51.900,12.57251,12.5759,0.00,0.00
2016.04.11 19:02:52.296,12.57251,12.57572,0.00,0.00
2016.04.11 19:02:52.518,12.57251,12.5759,0.00,0.00
2016.04.11 19:02:53.503,12.57251,12.57591,0.00,0.00
2016.04.11 19:02:54.004,12.57251,12.5759,0.00,0.00
2016.04.11 19:02:54.356,12.57251,12.57562,0.00,0.00
2016.04.11 19:02:54.457,12.57201,12.57532,0.00,0.00
2016.04.11 19:02:54.508,12.57201,12.57511,0.00,0.00
2016.04.11 19:02:55.141,12.57201,12.57532,0.00,0.00
2016.04.11 19:02:55.200,12.57201,12.57551,0.00,0.00
2016.04.11 19:02:55.301,12.57201,12.57561,0.00,0.00
2016.04.11 19:02:55.402,12.57201,12.57541,0.00,0.00
2016.04.11 19:02:55.747,12.57201,12.57531,0.00,0.00
2016.04.11 19:02:55.801,12.57201,12.57542,0.00,0.00
2016.04.11 19:02:55.852,12.57251,12.57542,0.00,0.00
2016.04.11 19:02:57.803,12.57251,12.57552,0.00,0.00
2016.04.11 19:02:59.316,12.57251,12.5758,0.00,0.00
2016.04.11 19:02:59.917,12.57251,12.57581,0.00,0.00
2016.04.11 19:03:00.633,12.57251,12.5757,0.00,0.00
2016.04.11 19:03:00.901,12.57151,12.57491,0.00,0.00
2016.04.11 19:03:01.019,12.57151,12.5748,0.00,0.00
2016.04.11 19:03:01.320,12.57151,12.5747,0.00,0.00
2016.04.11 19:03:01.727,12.57151,12.57452,0.00,0.00
2016.04.11 19:03:01.810,12.57151,12.5746,0.00,0.00
2016.04.11 19:03:01.911,12.57151,12.57431,0.00,0.00
2016.04.11 19:03:02.076,12.57151,12.57442,0.00,0.00
2016.04.11 19:03:02.127,12.57151,12.57461,0.00,0.00
2016.04.11 19:03:02.712,12.57151,12.57471,0.00,0.00
2016.04.11 19:03:02.763,12.57151,12.5748,0.00,0.00
2016.04.11 19:03:02.944,12.57151,12.57451,0.00,0.00
2016.04.11 19:03:03.013,12.57151,12.57472,0.00,0.00
2016.04.11 19:03:04.377,12.57151,12.57491,0.00,0.00
2016.04.11 19:03:04.878,12.57151,12.5749,0.00,0.00
2016.04.11 19:03:05.256,12.57151,12.57482,0.00,0.00
2016.04.11 19:03:07.750,12.57151,12.5748,0.00,0.00
2016.04.11 19:03:08.052,12.57151,12.57472,0.00,0.00
2016.04.11 19:03:08.154,12.57151,12.57481,0.00,0.00
2016.04.11 19:03:08.885,12.57151,12.5748,0.00,0.00
2016.04.11 19:03:09.496,12.57151,12.57481,0.00,0.00
2016.04.11 19:03:10.246,12.57108,12.5749,0.00,0.00
2016.04.11 19:03:10.346,12.57102,12.57471,0.00,0.00
2016.04.11 19:03:10.738,12.57102,12.57442,0.00,0.00
2016.04.11 19:03:10.889,12.57102,12.57452,0.00,0.00
2016.04.11 19:03:11.188,12.57102,12.5746,0.00,0.00
2016.04.11 19:03:11.644,12.57152,12.5746,0.00,0.00
2016.04.11 19:03:12.996,12.57152,12.57461,0.00,0.00
2016.04.11 19:03:13.448,12.57152,12.57452,0.00,0.00
2016.04.11 19:03:19.361,12.57152,12.5746,0.00,0.00
2016.04.11 19:03:19.962,12.57152,12.57432,0.00,0.00
2016.04.11 19:03:20.463,12.57152,12.57442,0.00,0.00
2016.04.11 19:03:21.976,12.57152,12.57432,0.00,0.00
2016.04.11 19:03:22.918,12.57152,12.57442,0.00,0.00
2016.04.11 19:03:23.082,12.57152,12.57452,0.00,0.00
2016.04.11 19:03:23.186,12.57152,12.57441,0.00,0.00
2016.04.11 19:03:23.272,12.57152,12.57452,0.00,0.00
2016.04.11 19:03:23.519,12.57152,12.57442,0.00,0.00
2016.04.11 19:03:23.598,12.57152,12.5746,0.00,0.00
2016.04.11 19:03:24.351,12.57152,12.57461,0.00,0.00
2016.04.11 19:03:24.800,12.57152,12.57452,0.00,0.00
2016.04.11 19:03:24.874,12.57152,12.5746,0.00,0.00
2016.04.11 19:03:25.679,12.57152,12.57461,0.00,0.00
2016.04.11 19:03:25.876,12.57152,12.57431,0.00,0.00
2016.04.11 19:03:29.832,12.57152,12.57421,0.00,0.00
2016.04.11 19:03:29.908,12.57152,12.57441,0.00,0.00
2016.04.11 19:03:30.133,12.57152,12.57431,0.00,0.00
2016.04.11 19:03:30.434,12.57152,12.57442,0.00,0.00
2016.04.11 19:03:32.412,12.57152,12.57461,0.00,0.00
2016.04.11 19:03:32.538,12.57152,12.57441,0.00,0.00
2016.04.11 19:03:33.213,12.57152,12.57452,0.00,0.00
2016.04.11 19:03:34.744,12.57152,12.57422,0.00,0.00
2016.04.11 19:03:34.844,12.57152,12.57442,0.00,0.00
2016.04.11 19:03:35.717,12.57152,12.57422,0.00,0.00
2016.04.11 19:03:35.946,12.57152,12.57432,0.00,0.00
2016.04.11 19:03:36.606,12.57152,12.57431,0.00,0.00
2016.04.11 19:03:36.687,12.57102,12.57412,0.00,0.00
2016.04.11 19:03:37.219,12.57102,12.57431,0.00,0.00
2016.04.11 19:03:37.923,12.57102,12.5743,0.00,0.00
2016.04.11 19:03:39.140,12.57102,12.57431,0.00,0.00
2016.04.11 19:03:40.104,12.57102,12.5743,0.00,0.00
2016.04.11 19:03:40.204,12.57102,12.57432,0.00,0.00
2016.04.11 19:03:40.305,12.57102,12.57422,0.00,0.00
2016.04.11 19:03:40.630,12.57152,12.57461,0.00,0.00
2016.04.11 19:03:41.225,12.57152,12.57442,0.00,0.00
2016.04.11 19:03:43.612,12.57152,12.57432,0.00,0.00
2016.04.11 19:03:43.664,12.57152,12.57461,0.00,0.00
2016.04.11 19:03:44.165,12.57152,12.57442,0.00,0.00
2016.04.11 19:03:44.266,12.57152,12.57461,0.00,0.00
2016.04.11 19:03:44.367,12.57152,12.57442,0.00,0.00
2016.04.11 19:03:45.367,12.57152,12.5746,0.00,0.00
2016.04.11 19:03:47.319,12.57152,12.57461,0.00,0.00
2016.04.11 19:03:47.822,12.57152,12.5746,0.00,0.00
2016.04.11 19:03:48.300,12.57152,12.57452,0.00,0.00
2016.04.11 19:03:48.400,12.57152,12.57461,0.00,0.00
2016.04.11 19:03:51.829,12.57152,12.5746,0.00,0.00
2016.04.11 19:03:52.491,12.57152,12.57461,0.00,0.00
2016.04.11 19:03:53.332,12.57152,12.5746,0.00,0.00
2016.04.11 19:03:53.862,12.57152,12.57461,0.00,0.00
2016.04.11 19:03:54.584,12.57152,12.57441,0.00,0.00
2016.04.11 19:03:54.685,12.57152,12.57461,0.00,0.00
2016.04.11 19:03:54.786,12.57152,12.57442,0.00,0.00
2016.04.11 19:03:55.892,12.57152,12.57451,0.00,0.00
2016.04.11 19:03:57.892,12.57152,12.5746,0.00,0.00
2016.04.11 19:03:58.432,12.57152,12.57461,0.00,0.00
2016.04.11 19:04:00.057,12.57152,12.5747,0.00,0.00
2016.04.11 19:04:00.569,12.57152,12.57471,0.00,0.00
2016.04.11 19:04:01.149,12.57152,12.5747,0.00,0.00
2016.04.11 19:04:01.652,12.57152,12.57471,0.00,0.00
2016.04.11 19:04:02.153,12.57152,12.5747,0.00,0.00
2016.04.11 19:04:02.782,12.57152,12.57471,0.00,0.00
2016.04.11 19:04:03.808,12.57152,12.5747,0.00,0.00
2016.04.11 19:04:04.360,12.57152,12.57471,0.00,0.00
2016.04.11 19:04:04.861,12.57152,12.5747,0.00,0.00
2016.04.11 19:04:05.362,12.57152,12.57471,0.00,0.00
2016.04.11 19:04:05.864,12.57152,12.5747,0.00,0.00
2016.04.11 19:04:06.413,12.57152,12.57471,0.00,0.00
2016.04.11 19:04:07.919,12.57152,12.5747,0.00,0.00
2016.04.11 19:04:08.974,12.57152,12.57471,0.00,0.00
2016.04.11 19:04:09.477,12.57159,12.57471,0.00,0.00
2016.04.11 19:04:09.994,12.5716,12.5747,0.00,0.00
2016.04.11 19:04:10.344,12.57152,12.57441,0.00,0.00
2016.04.11 19:04:10.691,12.57152,12.57452,0.00,0.00
2016.04.11 19:04:10.744,12.57152,12.5746,0.00,0.00
2016.04.11 19:04:10.795,12.57152,12.57471,0.00,0.00
2016.04.11 19:04:11.314,12.57152,12.5747,0.00,0.00
2016.04.11 19:04:11.480,12.57152,12.57461,0.00,0.00
2016.04.11 19:04:11.880,12.57152,12.5747,0.00,0.00
2016.04.11 19:04:14.199,12.57152,12.57471,0.00,0.00
2016.04.11 19:04:14.998,12.57152,12.5747,0.00,0.00
2016.04.11 19:04:15.589,12.57152,12.57471,0.00,0.00
2016.04.11 19:04:16.266,12.57152,12.5747,0.00,0.00
2016.04.11 19:04:16.927,12.57152,12.57471,0.00,0.00
2016.04.11 19:04:17.484,12.57152,12.5747,0.00,0.00
2016.04.11 19:04:17.993,12.57152,12.57471,0.00,0.00
2016.04.11 19:04:18.995,12.57152,12.5747,0.00,0.00
2016.04.11 19:04:19.735,12.57152,12.57471,0.00,0.00
2016.04.11 19:04:20.498,12.57152,12.5747,0.00,0.00
2016.04.11 19:04:22.001,12.57152,12.57471,0.00,0.00
2016.04.11 19:04:22.502,12.57152,12.5747,0.00,0.00
2016.04.11 19:04:23.004,12.57152,12.57471,0.00,0.00
2016.04.11 19:04:26.010,12.57152,12.5747,0.00,0.00
2016.04.11 19:04:26.557,12.57152,12.57471,0.00,0.00
2016.04.11 19:04:27.617,12.57152,12.5747,0.00,0.00
2016.04.11 19:04:28.165,12.57152,12.57471,0.00,0.00
2016.04.11 19:04:29.031,12.57152,12.5747,0.00,0.00
2016.04.11 19:04:29.705,12.57152,12.57471,0.00,0.00
2016.04.11 19:04:30.521,12.57152,12.5747,0.00,0.00
2016.04.11 19:04:31.022,12.57152,12.57471,0.00,0.00
2016.04.11 19:04:31.524,12.57152,12.5747,0.00,0.00
2016.04.11 19:04:32.025,12.57152,12.57471,0.00,0.00
2016.04.11 19:04:32.526,12.57152,12.5747,0.00,0.00
2016.04.11 19:04:33.528,12.57152,12.57471,0.00,0.00
2016.04.11 19:04:34.825,12.57152,12.5747,0.00,0.00
2016.04.11 19:04:34.876,12.57152,12.57452,0.00,0.00
2016.04.11 19:04:36.166,12.57152,12.57441,0.00,0.00
2016.04.11 19:04:36.385,12.57152,12.57452,0.00,0.00
2016.04.11 19:04:36.486,12.57152,12.57471,0.00,0.00
2016.04.11 19:04:37.246,12.57152,12.5747,0.00,0.00
2016.04.11 19:04:38.066,12.57152,12.57471,0.00,0.00
2016.04.11 19:04:38.741,12.57152,12.5747,0.00,0.00
2016.04.11 19:04:39.242,12.57152,12.57471,0.00,0.00
2016.04.11 19:04:40.245,12.57152,12.5747,0.00,0.00
2016.04.11 19:04:40.407,12.5713,12.5747,0.00,0.00
2016.04.11 19:04:40.507,12.57129,12.57442,0.00,0.00
2016.04.11 19:04:41.247,12.5713,12.57442,0.00,0.00
2016.04.11 19:04:41.499,12.57129,12.57471,0.00,0.00
2016.04.11 19:04:41.649,12.57129,12.57452,0.00,0.00
2016.04.11 19:04:41.700,12.57129,12.57471,0.00,0.00
2016.04.11 19:04:42.386,12.5713,12.5747,0.00,0.00
2016.04.11 19:04:42.950,12.57129,12.57471,0.00,0.00
2016.04.11 19:04:43.264,12.57089,12.57461,0.00,0.00
2016.04.11 19:04:43.315,12.57089,12.57441,0.00,0.00
2016.04.11 19:04:43.706,12.57089,12.57432,0.00,0.00
2016.04.11 19:04:44.253,12.5709,12.57432,0.00,0.00
2016.04.11 19:04:44.782,12.57089,12.57432,0.00,0.00
2016.04.11 19:04:45.127,12.57101,12.57391,0.00,0.00
2016.04.11 19:04:45.439,12.57101,12.57382,0.00,0.00
2016.04.11 19:04:46.095,12.57101,12.57391,0.00,0.00
2016.04.11 19:04:46.497,12.57051,12.57391,0.00,0.00
2016.04.11 19:04:47.060,12.57051,12.5739,0.00,0.00
2016.04.11 19:04:47.607,12.57051,12.57391,0.00,0.00
2016.04.11 19:04:47.711,12.57051,12.57381,0.00,0.00
2016.04.11 19:04:48.763,12.57051,12.5738,0.00,0.00
2016.04.11 19:04:49.765,12.57051,12.57381,0.00,0.00
2016.04.11 19:04:50.869,12.57051,12.5738,0.00,0.00
2016.04.11 19:04:52.273,12.57051,12.57381,0.00,0.00
2016.04.11 19:04:55.314,12.57051,12.5738,0.00,0.00
2016.04.11 19:04:55.925,12.57051,12.57381,0.00,0.00
2016.04.11 19:04:56.636,12.57051,12.5738,0.00,0.00
2016.04.11 19:04:57.387,12.57051,12.57381,0.00,0.00
2016.04.11 19:04:58.336,12.57051,12.5738,0.00,0.00
2016.04.11 19:04:58.892,12.57051,12.57381,0.00,0.00
2016.04.11 19:04:59.393,12.57051,12.5738,0.00,0.00
2016.04.11 19:04:59.937,12.57051,12.57371,0.00,0.00
2016.04.11 19:05:00.190,12.57002,12.57331,0.00,0.00
2016.04.11 19:05:00.424,12.57002,12.57321,0.00,0.00
2016.04.11 19:05:00.738,12.57002,12.57312,0.00,0.00
2016.04.11 19:05:01.284,12.57002,12.57322,0.00,0.00
2016.04.11 19:05:01.386,12.57002,12.57311,0.00,0.00
2016.04.11 19:05:01.660,12.57002,12.57322,0.00,0.00
2016.04.11 19:05:01.761,12.57002,12.57312,0.00,0.00
2016.04.11 19:05:02.065,12.57052,12.57331,0.00,0.00
2016.04.11 19:05:02.115,12.57052,12.57352,0.00,0.00
2016.04.11 19:05:02.166,12.57052,12.57342,0.00,0.00
2016.04.11 19:05:02.267,12.57052,12.57372,0.00,0.00
2016.04.11 19:05:03.158,12.57001,12.57372,0.00,0.00
2016.04.11 19:05:03.267,12.57001,12.57321,0.00,0.00
2016.04.11 19:05:03.590,12.57001,12.57272,0.00,0.00
2016.04.11 19:05:03.819,12.56901,12.57231,0.00,0.00
2016.04.11 19:05:03.970,12.56901,12.57222,0.00,0.00
2016.04.11 19:05:04.364,12.56901,12.5723,0.00,0.00
2016.04.11 19:05:04.769,12.56901,12.57222,0.00,0.00
2016.04.11 19:05:05.116,12.56901,12.57181,0.00,0.00
2016.04.11 19:05:05.215,12.56859,12.57181,0.00,0.00
2016.04.11 19:05:05.749,12.5686,12.5718,0.00,0.00
2016.04.11 19:05:06.369,12.56859,12.57181,0.00,0.00
2016.04.11 19:05:07.017,12.56901,12.57181,0.00,0.00
2016.04.11 19:05:07.068,12.56901,12.57212,0.00,0.00
2016.04.11 19:05:07.169,12.56901,12.57221,0.00,0.00
2016.04.11 19:05:07.270,12.56901,12.57231,0.00,0.00
2016.04.11 19:05:07.421,12.56901,12.57222,0.00,0.00
2016.04.11 19:05:07.473,12.56901,12.57231,0.00,0.00
2016.04.11 19:05:07.675,12.56901,12.57222,0.00,0.00
2016.04.11 19:05:07.774,12.56901,12.57231,0.00,0.00
2016.04.11 19:05:09.119,12.56859,12.57231,0.00,0.00
2016.04.11 19:05:09.170,12.5686,12.5718,0.00,0.00
2016.04.11 19:05:09.712,12.56859,12.57181,0.00,0.00
2016.04.11 19:05:09.826,12.56852,12.57181,0.00,0.00
2016.04.11 19:05:11.175,12.56852,12.5718,0.00,0.00
2016.04.11 19:05:11.686,12.56852,12.57181,0.00,0.00
2016.04.11 19:05:11.737,12.56852,12.57161,0.00,0.00
2016.04.11 19:05:12.171,12.56852,12.57152,0.00,0.00
2016.04.11 19:05:12.622,12.56829,12.57152,0.00,0.00
2016.04.11 19:05:12.723,12.56829,12.57142,0.00,0.00
2016.04.11 19:05:12.786,12.56801,12.5713,0.00,0.00
2016.04.11 19:05:12.836,12.56801,12.57122,0.00,0.00
2016.04.11 19:05:13.050,12.56801,12.57131,0.00,0.00
2016.04.11 19:05:13.711,12.56801,12.57122,0.00,0.00
2016.04.11 19:05:15.819,12.56801,12.5713,0.00,0.00
2016.04.11 19:05:15.920,12.56801,12.57112,0.00,0.00
2016.04.11 19:05:16.116,12.56801,12.57122,0.00,0.00
2016.04.11 19:05:18.022,12.56801,12.5713,0.00,0.00
2016.04.11 19:05:18.174,12.56851,12.57141,0.00,0.00
2016.04.11 19:05:18.224,12.56851,12.57151,0.00,0.00
2016.04.11 19:05:18.325,12.56851,12.57181,0.00,0.00
2016.04.11 19:05:18.426,12.56851,12.57172,0.00,0.00
2016.04.11 19:05:18.527,12.56851,12.5718,0.00,0.00
2016.04.11 19:05:18.632,12.56851,12.57171,0.00,0.00
2016.04.11 19:05:18.733,12.56851,12.57181,0.00,0.00
2016.04.11 19:05:19.262,12.56851,12.57171,0.00,0.00
2016.04.11 19:05:19.598,12.56851,12.57151,0.00,0.00
2016.04.11 19:05:20.091,12.56851,12.57131,0.00,0.00
2016.04.11 19:05:20.779,12.56851,12.57152,0.00,0.00
2016.04.11 19:05:21.302,12.56851,12.57171,0.00,0.00
2016.04.11 19:05:27.621,12.56851,12.5718,0.00,0.00
2016.04.11 19:05:27.722,12.56851,12.57172,0.00,0.00
2016.04.11 19:05:29.623,12.56851,12.57151,0.00,0.00
2016.04.11 19:05:29.725,12.56851,12.57171,0.00,0.00
2016.04.11 19:05:31.472,12.56851,12.57181,0.00,0.00
2016.04.11 19:05:31.977,12.56851,12.5718,0.00,0.00
2016.04.11 19:05:32.479,12.56851,12.57181,0.00,0.00
2016.04.11 19:05:33.180,12.56851,12.5718,0.00,0.00
2016.04.11 19:05:33.882,12.56851,12.57181,0.00,0.00
2016.04.11 19:05:34.384,12.56851,12.5718,0.00,0.00
2016.04.11 19:05:34.891,12.56851,12.57181,0.00,0.00
2016.04.11 19:05:35.488,12.56851,12.5718,0.00,0.00
2016.04.11 19:05:35.539,12.56851,12.57152,0.00,0.00
2016.04.11 19:05:35.640,12.56851,12.5718,0.00,0.00
2016.04.11 19:05:35.773,12.56901,12.5718,0.00,0.00
2016.04.11 19:05:35.823,12.56901,12.57202,0.00,0.00
2016.04.11 19:05:36.013,12.56901,12.5722,0.00,0.00
2016.04.11 19:05:36.589,12.56901,12.57221,0.00,0.00
2016.04.11 19:05:37.193,12.56901,12.5722,0.00,0.00
2016.04.11 19:05:37.794,12.56901,12.57221,0.00,0.00
2016.04.11 19:05:38.796,12.56901,12.5722,0.00,0.00
2016.04.11 19:05:39.025,12.56901,12.57211,0.00,0.00
2016.04.11 19:05:39.148,12.56901,12.57221,0.00,0.00
2016.04.11 19:05:40.634,12.56901,12.5722,0.00,0.00
2016.04.11 19:05:41.507,12.56901,12.57221,0.00,0.00
2016.04.11 19:05:42.329,12.56901,12.5722,0.00,0.00
2016.04.11 19:05:42.896,12.56901,12.57221,0.00,0.00
2016.04.11 19:05:44.016,12.56901,12.5722,0.00,0.00
2016.04.11 19:05:44.546,12.56901,12.57221,0.00,0.00
2016.04.11 19:05:45.169,12.56901,12.5722,0.00,0.00
2016.04.11 19:05:45.779,12.56901,12.57221,0.00,0.00
2016.04.11 19:05:46.577,12.56901,12.5722,0.00,0.00
2016.04.11 19:05:47.203,12.56901,12.57221,0.00,0.00
2016.04.11 19:05:47.785,12.56901,12.57212,0.00,0.00
2016.04.11 19:05:48.988,12.56901,12.57221,0.00,0.00
2016.04.11 19:05:49.447,12.56901,12.57212,0.00,0.00
2016.04.11 19:05:49.563,12.56901,12.57221,0.00,0.00
2016.04.11 19:05:49.890,12.56901,12.57212,0.00,0.00
2016.04.11 19:05:50.014,12.56901,12.57221,0.00,0.00
2016.04.11 19:05:51.544,12.56901,12.5722,0.00,0.00
2016.04.11 19:05:51.807,12.56901,12.57212,0.00,0.00
2016.04.11 19:05:51.908,12.56901,12.57221,0.00,0.00
2016.04.11 19:05:53.048,12.56901,12.5722,0.00,0.00
2016.04.11 19:05:53.549,12.56901,12.57221,0.00,0.00
2016.04.11 19:05:54.050,12.56901,12.5722,0.00,0.00
2016.04.11 19:05:54.568,12.56901,12.57221,0.00,0.00
2016.04.11 19:05:55.848,12.56901,12.57212,0.00,0.00
2016.04.11 19:05:55.949,12.56901,12.57221,0.00,0.00
2016.04.11 19:05:57.204,12.56901,12.5722,0.00,0.00
2016.04.11 19:05:57.815,12.56901,12.57221,0.00,0.00
2016.04.11 19:05:58.476,12.56901,12.5722,0.00,0.00
2016.04.11 19:05:59.072,12.56901,12.57221,0.00,0.00
2016.04.11 19:05:59.970,12.56901,12.5722,0.00,0.00
2016.04.11 19:06:00.572,12.56901,12.57221,0.00,0.00
2016.04.11 19:06:01.374,12.56901,12.5722,0.00,0.00
2016.04.11 19:06:01.482,12.56901,12.5723,0.00,0.00
2016.04.11 19:06:01.534,12.56901,12.57221,0.00,0.00
2016.04.11 19:06:03.371,12.56901,12.5723,0.00,0.00
2016.04.11 19:06:04.234,12.56901,12.57222,0.00,0.00
2016.04.11 19:06:04.334,12.56901,12.5723,0.00,0.00
2016.04.11 19:06:04.779,12.56901,12.57222,0.00,0.00
2016.04.11 19:06:04.830,12.5679,12.57161,0.00,0.00
2016.04.11 19:06:05.156,12.5679,12.5718,0.00,0.00
2016.04.11 19:06:05.207,12.5682,12.57181,0.00,0.00
2016.04.11 19:06:05.257,12.5682,12.57192,0.00,0.00
2016.04.11 19:06:05.308,12.56798,12.57131,0.00,0.00
2016.04.11 19:06:05.358,12.56781,12.57131,0.00,0.00
2016.04.11 19:06:05.560,12.56789,12.57131,0.00,0.00
2016.04.11 19:06:05.610,12.56789,12.57181,0.00,0.00
2016.04.11 19:06:05.739,12.56781,12.57171,0.00,0.00
2016.04.11 19:06:06.096,12.56801,12.5713,0.00,0.00
2016.04.11 19:06:06.197,12.56801,12.57181,0.00,0.00
2016.04.11 19:06:06.248,12.56801,12.57171,0.00,0.00
2016.04.11 19:06:07.137,12.56851,12.57171,0.00,0.00
2016.04.11 19:06:07.937,12.56779,12.57149,0.00,0.00
2016.04.11 19:06:08.038,12.56768,12.5711,0.00,0.00
2016.04.11 19:06:08.088,12.56751,12.5711,0.00,0.00
2016.04.11 19:06:09.002,12.56751,12.57111,0.00,0.00
2016.04.11 19:06:09.902,12.56751,12.5711,0.00,0.00
2016.04.11 19:06:10.737,12.56751,12.57111,0.00,0.00
2016.04.11 19:06:11.195,12.56751,12.57101,0.00,0.00
2016.04.11 19:06:11.508,12.56701,12.5703,0.00,0.00
2016.04.11 19:06:12.912,12.56701,12.57031,0.00,0.00
2016.04.11 19:06:15.156,12.56681,12.57052,0.00,0.00
2016.04.11 19:06:15.257,12.56689,12.57081,0.00,0.00
2016.04.11 19:06:15.424,12.56681,12.57061,0.00,0.00
2016.04.11 19:06:16.019,12.56681,12.57062,0.00,0.00
2016.04.11 19:06:19.764,12.56681,12.57052,0.00,0.00
2016.04.11 19:06:19.831,12.56681,12.57062,0.00,0.00
2016.04.11 19:06:23.031,12.56688,12.57081,0.00,0.00
2016.04.11 19:06:23.596,12.56688,12.5708,0.00,0.00
2016.04.11 19:06:23.733,12.56681,12.57072,0.00,0.00
2016.04.11 19:06:24.653,12.56681,12.57052,0.00,0.00
2016.04.11 19:06:24.765,12.56681,12.57071,0.00,0.00
2016.04.11 19:06:25.752,12.56688,12.5708,0.00,0.00
2016.04.11 19:06:25.837,12.56681,12.57071,0.00,0.00
2016.04.11 19:06:31.993,12.56681,12.57052,0.00,0.00
2016.04.11 19:06:32.094,12.56681,12.57072,0.00,0.00
2016.04.11 19:06:33.336,12.56688,12.57072,0.00,0.00
2016.04.11 19:06:33.662,12.56802,12.57131,0.00,0.00
2016.04.11 19:06:34.168,12.56802,12.5713,0.00,0.00
2016.04.11 19:06:34.469,12.56802,12.57122,0.00,0.00
2016.04.11 19:06:35.336,12.56802,12.57131,0.00,0.00
2016.04.11 19:06:35.439,12.56802,12.57122,0.00,0.00
2016.04.11 19:06:35.641,12.56802,12.57131,0.00,0.00
2016.04.11 19:06:35.696,12.56802,12.57122,0.00,0.00
2016.04.11 19:06:36.485,12.56802,12.57112,0.00,0.00
2016.04.11 19:06:36.587,12.56802,12.57122,0.00,0.00
2016.04.11 19:06:36.942,12.56802,12.57111,0.00,0.00
2016.04.11 19:06:37.042,12.56802,12.57122,0.00,0.00
2016.04.11 19:06:37.342,12.56802,12.57111,0.00,0.00
2016.04.11 19:06:37.443,12.56802,12.57122,0.00,0.00
2016.04.11 19:06:39.739,12.56802,12.57112,0.00,0.00
2016.04.11 19:06:39.941,12.56802,12.57122,0.00,0.00
2016.04.11 19:06:40.016,12.56802,12.57131,0.00,0.00
2016.04.11 19:06:40.140,12.56802,12.57121,0.00,0.00
2016.04.11 19:06:41.043,12.56802,12.57112,0.00,0.00
2016.04.11 19:06:41.343,12.56802,12.57121,0.00,0.00
2016.04.11 19:06:41.444,12.56802,12.5713,0.00,0.00
2016.04.11 19:06:41.644,12.56802,12.57101,0.00,0.00
2016.04.11 19:06:42.540,12.56802,12.57111,0.00,0.00
2016.04.11 19:06:45.832,12.56802,12.57131,0.00,0.00
2016.04.11 19:06:46.417,12.56802,12.5713,0.00,0.00
2016.04.11 19:06:47.077,12.56802,12.57131,0.00,0.00
2016.04.11 19:06:47.951,12.56802,12.57121,0.00,0.00
2016.04.11 19:06:53.487,12.56802,12.57131,0.00,0.00
2016.04.11 19:06:53.553,12.56802,12.57122,0.00,0.00
2016.04.11 19:06:54.002,12.56802,12.57131,0.00,0.00
2016.04.11 19:06:55.036,12.56802,12.5713,0.00,0.00
2016.04.11 19:06:55.696,12.56802,12.57131,0.00,0.00
2016.04.11 19:06:56.205,12.56802,12.57122,0.00,0.00
2016.04.11 19:07:00.724,12.56802,12.57111,0.00,0.00
2016.04.11 19:07:00.825,12.56802,12.5713,0.00,0.00
2016.04.11 19:07:01.521,12.56802,12.57112,0.00,0.00
2016.04.11 19:07:01.622,12.56802,12.57122,0.00,0.00
2016.04.11 19:07:02.904,12.56802,12.57131,0.00,0.00
2016.04.11 19:07:03.645,12.56802,12.5713,0.00,0.00
2016.04.11 19:07:04.257,12.56802,12.57131,0.00,0.00
2016.04.11 19:07:04.986,12.56802,12.57081,0.00,0.00
2016.04.11 19:07:05.036,12.56738,12.57081,0.00,0.00
2016.04.11 19:07:05.087,12.56728,12.5703,0.00,0.00
2016.04.11 19:07:05.207,12.56701,12.57031,0.00,0.00
2016.04.11 19:07:06.462,12.56701,12.5703,0.00,0.00
2016.04.11 19:07:06.868,12.56701,12.57032,0.00,0.00
2016.04.11 19:07:06.968,12.56701,12.57051,0.00,0.00
2016.04.11 19:07:07.019,12.56701,12.57062,0.00,0.00
2016.04.11 19:07:07.120,12.56701,12.57081,0.00,0.00
2016.04.11 19:07:10.824,12.56701,12.57061,0.00,0.00
2016.04.11 19:07:10.958,12.56701,12.57072,0.00,0.00
2016.04.11 19:07:11.126,12.56701,12.57081,0.00,0.00
2016.04.11 19:07:11.261,12.56701,12.57072,0.00,0.00
2016.04.11 19:07:11.726,12.56701,12.57061,0.00,0.00
2016.04.11 19:07:11.827,12.56701,12.57072,0.00,0.00
2016.04.11 19:07:13.029,12.56701,12.57091,0.00,0.00
2016.04.11 19:07:13.129,12.56701,12.57072,0.00,0.00
2016.04.11 19:07:13.230,12.56701,12.57091,0.00,0.00
2016.04.11 19:07:13.281,12.56739,12.57091,0.00,0.00
2016.04.11 19:07:13.332,12.56739,12.57099,0.00,0.00
2016.04.11 19:07:13.382,12.56728,12.57031,0.00,0.00
2016.04.11 19:07:13.433,12.56701,12.57031,0.00,0.00
2016.04.11 19:07:13.700,12.56701,12.57082,0.00,0.00
2016.04.11 19:07:14.030,12.56701,12.5709,0.00,0.00
2016.04.11 19:07:14.547,12.56701,12.57091,0.00,0.00
2016.04.11 19:07:15.000,12.56751,12.57091,0.00,0.00
2016.04.11 19:07:15.051,12.56751,12.57111,0.00,0.00
2016.04.11 19:07:15.629,12.56789,12.57141,0.00,0.00
2016.04.11 19:07:15.961,12.56851,12.57158,0.00,0.00
2016.04.11 19:07:16.714,12.56851,12.57191,0.00,0.00
2016.04.11 19:07:21.248,12.56851,12.57182,0.00,0.00
2016.04.11 19:07:21.349,12.56851,12.57211,0.00,0.00
2016.04.11 19:07:21.449,12.56851,12.57201,0.00,0.00
2016.04.11 19:07:21.550,12.56851,12.5721,0.00,0.00
2016.04.11 19:07:22.130,12.56851,12.57211,0.00,0.00
2016.04.11 19:07:23.830,12.56851,12.5721,0.00,0.00
2016.04.11 19:07:24.505,12.56859,12.57232,0.00,0.00
2016.04.11 19:07:24.556,12.56902,12.57232,0.00,0.00
2016.04.11 19:07:24.821,12.5694,12.57289,0.00,0.00
2016.04.11 19:07:25.335,12.5694,12.57298,0.00,0.00
2016.04.11 19:07:25.909,12.56952,12.57301,0.00,0.00
2016.04.11 19:07:26.810,12.56989,12.57321,0.00,0.00
2016.04.11 19:07:26.960,12.56989,12.57348,0.00,0.00
2016.04.11 19:07:27.361,12.57002,12.57361,0.00,0.00
2016.04.11 19:07:27.741,12.57002,12.57342,0.00,0.00
2016.04.11 19:07:27.909,12.57002,12.57352,0.00,0.00
2016.04.11 19:07:29.520,12.57002,12.57342,0.00,0.00
2016.04.11 19:07:29.818,12.57002,12.57352,0.00,0.00
2016.04.11 19:07:30.138,12.56951,12.5731,0.00,0.00
2016.04.11 19:07:30.340,12.56989,12.57341,0.00,0.00
2016.04.11 19:07:31.536,12.57002,12.57341,0.00,0.00
2016.04.11 19:07:32.647,12.57002,12.5734,0.00,0.00
2016.04.11 19:07:33.254,12.56952,12.57311,0.00,0.00
2016.04.11 19:07:33.804,12.56952,12.5731,0.00,0.00
2016.04.11 19:07:33.925,12.5696,12.57311,0.00,0.00
2016.04.11 19:07:34.030,12.56989,12.57341,0.00,0.00
2016.04.11 19:07:34.635,12.57001,12.5734,0.00,0.00
2016.04.11 19:07:35.332,12.57001,12.57341,0.00,0.00
2016.04.11 19:07:35.833,12.57001,12.57332,0.00,0.00
2016.04.11 19:07:36.788,12.57001,12.5734,0.00,0.00
2016.04.11 19:07:38.234,12.57001,12.57341,0.00,0.00
2016.04.11 19:07:38.735,12.57001,12.5734,0.00,0.00
2016.04.11 19:07:39.236,12.57001,12.57341,0.00,0.00
2016.04.11 19:07:39.768,12.57001,12.5734,0.00,0.00
2016.04.11 19:07:40.689,12.57001,12.57341,0.00,0.00
2016.04.11 19:07:41.742,12.57001,12.5734,0.00,0.00
2016.04.11 19:07:42.243,12.57001,12.57341,0.00,0.00
2016.04.11 19:07:42.744,12.57001,12.5734,0.00,0.00
2016.04.11 19:07:43.245,12.57001,12.57341,0.00,0.00
2016.04.11 19:07:45.564,12.57001,12.5734,0.00,0.00
2016.04.11 19:07:46.264,12.57001,12.57341,0.00,0.00
2016.04.11 19:07:46.904,12.57001,12.5734,0.00,0.00
2016.04.11 19:07:47.565,12.57001,12.57341,0.00,0.00
2016.04.11 19:07:49.804,12.57001,12.5734,0.00,0.00
2016.04.11 19:07:50.771,12.57001,12.57341,0.00,0.00
2016.04.11 19:07:52.675,12.56989,12.57341,0.00,0.00
2016.04.11 19:07:52.826,12.56989,12.57332,0.00,0.00
2016.04.11 19:07:53.027,12.5699,12.5734,0.00,0.00
2016.04.11 19:07:53.555,12.57002,12.5734,0.00,0.00
2016.04.11 19:07:54.080,12.57002,12.57341,0.00,0.00
2016.04.11 19:07:55.009,12.57002,12.5734,0.00,0.00
2016.04.11 19:07:55.518,12.57002,12.57341,0.00,0.00
2016.04.11 19:07:56.788,12.57002,12.5734,0.00,0.00
2016.04.11 19:07:57.400,12.57002,12.57341,0.00,0.00
2016.04.11 19:07:59.094,12.57002,12.5734,0.00,0.00
2016.04.11 19:08:00.097,12.57002,12.57341,0.00,0.00
2016.04.11 19:08:02.210,12.57002,12.57311,0.00,0.00
2016.04.11 19:08:02.261,12.56958,12.57311,0.00,0.00
2016.04.11 19:08:02.362,12.56951,12.5731,0.00,0.00
2016.04.11 19:08:02.517,12.56951,12.57301,0.00,0.00
2016.04.11 19:08:04.152,12.5694,12.57298,0.00,0.00
2016.04.11 19:08:04.253,12.56909,12.5727,0.00,0.00
2016.04.11 19:08:04.304,12.56902,12.5727,0.00,0.00
2016.04.11 19:08:04.404,12.56902,12.57231,0.00,0.00
2016.04.11 19:08:06.415,12.56902,12.57251,0.00,0.00
2016.04.11 19:08:06.559,12.56902,12.57242,0.00,0.00
2016.04.11 19:08:08.445,12.56902,12.57211,0.00,0.00
2016.04.11 19:08:08.496,12.56851,12.57211,0.00,0.00
2016.04.11 19:08:08.603,12.56851,12.57201,0.00,0.00
2016.04.11 19:08:08.903,12.56851,12.57211,0.00,0.00
2016.04.11 19:08:09.906,12.56851,12.57202,0.00,0.00
2016.04.11 19:08:09.956,12.56839,12.57198,0.00,0.00
2016.04.11 19:08:10.007,12.56839,12.57171,0.00,0.00
2016.04.11 19:08:10.057,12.56802,12.57171,0.00,0.00
2016.04.11 19:08:10.108,12.56802,12.57152,0.00,0.00
2016.04.11 19:08:10.407,12.56802,12.57182,0.00,0.00
2016.04.11 19:08:10.508,12.56802,12.57162,0.00,0.00
2016.04.11 19:08:10.935,12.56839,12.57162,0.00,0.00
2016.04.11 19:08:11.008,12.56839,12.57182,0.00,0.00
2016.04.11 19:08:11.109,12.5684,12.5719,0.00,0.00
2016.04.11 19:08:11.160,12.56839,12.57198,0.00,0.00
2016.04.11 19:08:11.210,12.56839,12.57182,0.00,0.00
2016.04.11 19:08:11.311,12.56839,12.57198,0.00,0.00
2016.04.11 19:08:11.362,12.56851,12.57202,0.00,0.00
2016.04.11 19:08:12.082,12.56851,12.57191,0.00,0.00
2016.04.11 19:08:13.358,12.56851,12.572,0.00,0.00
2016.04.11 19:08:13.888,12.56851,12.57201,0.00,0.00
2016.04.11 19:08:14.189,12.56901,12.57201,0.00,0.00
2016.04.11 19:08:14.240,12.56901,12.5721,0.00,0.00
2016.04.11 19:08:14.548,12.56901,12.57202,0.00,0.00
2016.04.11 19:08:14.762,12.56901,12.57211,0.00,0.00
2016.04.11 19:08:14.886,12.56901,12.57202,0.00,0.00
2016.04.11 19:08:15.092,12.56901,12.57211,0.00,0.00
2016.04.11 19:08:15.351,12.56901,12.57201,0.00,0.00
2016.04.11 19:08:15.594,12.56869,12.57201,0.00,0.00
2016.04.11 19:08:15.645,12.56851,12.57201,0.00,0.00
2016.04.11 19:08:15.746,12.56851,12.5721,0.00,0.00
2016.04.11 19:08:15.796,12.56851,12.57201,0.00,0.00
2016.04.11 19:08:15.852,12.56851,12.5721,0.00,0.00
2016.04.11 19:08:16.046,12.5689,12.5724,0.00,0.00
2016.04.11 19:08:16.491,12.56858,12.5721,0.00,0.00
2016.04.11 19:08:16.598,12.56851,12.57211,0.00,0.00
2016.04.11 19:08:16.799,12.56851,12.57202,0.00,0.00
2016.04.11 19:08:18.075,12.56851,12.5721,0.00,0.00
2016.04.11 19:08:18.703,12.56851,12.57211,0.00,0.00
2016.04.11 19:08:19.557,12.56851,12.5721,0.00,0.00
2016.04.11 19:08:21.064,12.56851,12.57211,0.00,0.00
2016.04.11 19:08:22.067,12.56851,12.5721,0.00,0.00
2016.04.11 19:08:22.569,12.56851,12.57211,0.00,0.00
2016.04.11 19:08:23.070,12.56851,12.5721,0.00,0.00
2016.04.11 19:08:24.575,12.56851,12.57211,0.00,0.00
2016.04.11 19:08:26.181,12.56851,12.5721,0.00,0.00
2016.04.11 19:08:26.955,12.56851,12.57211,0.00,0.00
2016.04.11 19:08:27.187,12.56851,12.57201,0.00,0.00
2016.04.11 19:08:27.888,12.56851,12.572,0.00,0.00
2016.04.11 19:08:28.039,12.56851,12.57211,0.00,0.00
2016.04.11 19:08:28.605,12.56851,12.5721,0.00,0.00
2016.04.11 19:08:29.594,12.56851,12.57211,0.00,0.00
2016.04.11 19:08:29.745,12.56851,12.57202,0.00,0.00
2016.04.11 19:08:29.846,12.56851,12.57211,0.00,0.00
2016.04.11 19:08:30.497,12.56851,12.5721,0.00,0.00
2016.04.11 19:08:31.099,12.56851,12.57211,0.00,0.00
2016.04.11 19:08:31.315,12.56902,12.57232,0.00,0.00
2016.04.11 19:08:31.416,12.56902,12.57262,0.00,0.00
2016.04.11 19:08:32.303,12.56902,12.57251,0.00,0.00
2016.04.11 19:08:32.773,12.5689,12.57249,0.00,0.00
2016.04.11 19:08:32.824,12.56851,12.57211,0.00,0.00
2016.04.11 19:08:33.005,12.56851,12.57201,0.00,0.00
2016.04.11 19:08:33.205,12.56851,12.5721,0.00,0.00
2016.04.11 19:08:33.623,12.56851,12.57201,0.00,0.00
2016.04.11 19:08:33.706,12.56851,12.57211,0.00,0.00
2016.04.11 19:08:33.807,12.56851,12.57202,0.00,0.00
2016.04.11 19:08:36.210,12.56851,12.5721,0.00,0.00
2016.04.11 19:08:36.873,12.56851,12.57211,0.00,0.00
2016.04.11 19:08:37.422,12.56851,12.5721,0.00,0.00
2016.04.11 19:08:37.923,12.56851,12.57211,0.00,0.00
2016.04.11 19:08:38.425,12.56851,12.5721,0.00,0.00
2016.04.11 19:08:38.927,12.56851,12.57211,0.00,0.00
2016.04.11 19:08:39.028,12.56808,12.57131,0.00,0.00
2016.04.11 19:08:39.129,12.5684,12.57181,0.00,0.00
2016.04.11 19:08:39.230,12.5684,12.57199,0.00,0.00
2016.04.11 19:08:40.030,12.56839,12.57199,0.00,0.00
2016.04.11 19:08:40.418,12.56851,12.57201,0.00,0.00
2016.04.11 19:08:41.034,12.56851,12.572,0.00,0.00
2016.04.11 19:08:42.037,12.56851,12.57201,0.00,0.00
2016.04.11 19:08:43.556,12.56851,12.572,0.00,0.00
2016.04.11 19:08:44.167,12.56851,12.57201,0.00,0.00
2016.04.11 19:08:44.722,12.56851,12.572,0.00,0.00
2016.04.11 19:08:45.447,12.56851,12.57201,0.00,0.00
2016.04.11 19:08:47.051,12.56851,12.572,0.00,0.00
2016.04.11 19:08:48.053,12.56851,12.57201,0.00,0.00
2016.04.11 19:08:48.481,12.56851,12.5719,0.00,0.00
2016.04.11 19:08:48.965,12.56851,12.57201,0.00,0.00
2016.04.11 19:08:49.305,12.56851,12.57211,0.00,0.00
2016.04.11 19:08:49.773,12.56851,12.57201,0.00,0.00
2016.04.11 19:08:49.873,12.56851,12.5721,0.00,0.00
2016.04.11 19:08:50.438,12.56851,12.57211,0.00,0.00
2016.04.11 19:08:51.097,12.56851,12.5721,0.00,0.00
2016.04.11 19:08:51.757,12.56851,12.57211,0.00,0.00
2016.04.11 19:08:52.366,12.56851,12.5721,0.00,0.00
2016.04.11 19:08:52.710,12.56851,12.57201,0.00,0.00
2016.04.11 19:08:54.922,12.56851,12.57211,0.00,0.00
2016.04.11 19:08:55.876,12.56851,12.5721,0.00,0.00
2016.04.11 19:08:56.377,12.56851,12.57211,0.00,0.00
2016.04.11 19:08:56.878,12.56851,12.5721,0.00,0.00
2016.04.11 19:08:58.409,12.56851,12.57211,0.00,0.00
2016.04.11 19:08:59.019,12.56851,12.5721,0.00,0.00
2016.04.11 19:08:59.538,12.56902,12.57211,0.00,0.00
2016.04.11 19:08:59.840,12.56902,12.57201,0.00,0.00
2016.04.11 19:09:00.144,12.56902,12.57152,0.00,0.00
2016.04.11 19:09:00.245,12.56902,12.5721,0.00,0.00
2016.04.11 19:09:00.391,12.56902,12.57201,0.00,0.00
2016.04.11 19:09:00.898,12.56851,12.57201,0.00,0.00
2016.04.11 19:09:01.595,12.56851,12.572,0.00,0.00
2016.04.11 19:09:02.096,12.56851,12.57201,0.00,0.00
2016.04.11 19:09:02.798,12.56851,12.572,0.00,0.00
2016.04.11 19:09:03.300,12.56851,12.57201,0.00,0.00
2016.04.11 19:09:03.601,12.56851,12.5719,0.00,0.00
2016.04.11 19:09:04.351,12.56851,12.57191,0.00,0.00
2016.04.11 19:09:04.893,12.56851,12.5719,0.00,0.00
2016.04.11 19:09:04.958,12.56851,12.57192,0.00,0.00
2016.04.11 19:09:05.058,12.56851,12.57211,0.00,0.00
2016.04.11 19:09:05.647,12.56851,12.5721,0.00,0.00
2016.04.11 19:09:06.174,12.56851,12.57211,0.00,0.00
2016.04.11 19:09:06.709,12.56851,12.5721,0.00,0.00
2016.04.11 19:09:07.344,12.56851,12.57211,0.00,0.00
2016.04.11 19:09:07.861,12.56851,12.5721,0.00,0.00
2016.04.11 19:09:08.514,12.56851,12.57211,0.00,0.00
2016.04.11 19:09:09.215,12.56851,12.5721,0.00,0.00
2016.04.11 19:09:09.816,12.56851,12.57211,0.00,0.00
2016.04.11 19:09:10.318,12.56851,12.5721,0.00,0.00
2016.04.11 19:09:10.838,12.56851,12.57211,0.00,0.00
2016.04.11 19:09:11.121,12.56851,12.572,0.00,0.00
2016.04.11 19:09:12.153,12.56851,12.57211,0.00,0.00
2016.04.11 19:09:12.714,12.56851,12.5721,0.00,0.00
2016.04.11 19:09:12.815,12.56851,12.57202,0.00,0.00
2016.04.11 19:09:13.004,12.56851,12.57211,0.00,0.00
2016.04.11 19:09:13.566,12.56851,12.5721,0.00,0.00
2016.04.11 19:09:14.633,12.56851,12.57211,0.00,0.00
2016.04.11 19:09:15.535,12.56851,12.5721,0.00,0.00
2016.04.11 19:09:15.724,12.56851,12.57202,0.00,0.00
2016.04.11 19:09:16.245,12.56851,12.57211,0.00,0.00
2016.04.11 19:09:17.440,12.56851,12.5721,0.00,0.00
2016.04.11 19:09:18.141,12.56851,12.57211,0.00,0.00
2016.04.11 19:09:19.774,12.56851,12.57202,0.00,0.00
2016.04.11 19:09:19.832,12.56851,12.57211,0.00,0.00
2016.04.11 19:09:20.133,12.56851,12.57202,0.00,0.00
2016.04.11 19:09:20.498,12.56851,12.572,0.00,0.00
2016.04.11 19:09:21.147,12.56851,12.57201,0.00,0.00
2016.04.11 19:09:21.648,12.56851,12.572,0.00,0.00
2016.04.11 19:09:22.199,12.56851,12.57201,0.00,0.00
2016.04.11 19:09:22.650,12.5685,12.57199,0.00,0.00
2016.04.11 19:09:23.189,12.56849,12.57199,0.00,0.00
2016.04.11 19:09:23.711,12.5685,12.57199,0.00,0.00
2016.04.11 19:09:24.299,12.56849,12.57192,0.00,0.00
2016.04.11 19:09:24.404,12.5685,12.57199,0.00,0.00
2016.04.11 19:09:24.973,12.56849,12.57199,0.00,0.00
2016.04.11 19:09:26.962,12.5685,12.57199,0.00,0.00
2016.04.11 19:09:28.667,12.56849,12.57199,0.00,0.00
2016.04.11 19:09:29.169,12.5685,12.57199,0.00,0.00
2016.04.11 19:09:29.670,12.5685,12.5719,0.00,0.00
2016.04.11 19:09:30.171,12.56849,12.57191,0.00,0.00
2016.04.11 19:09:30.672,12.5685,12.5719,0.00,0.00
2016.04.11 19:09:31.173,12.56849,12.57191,0.00,0.00
2016.04.11 19:09:32.676,12.5685,12.5719,0.00,0.00
2016.04.11 19:09:33.213,12.56819,12.5711,0.00,0.00
2016.04.11 19:09:33.263,12.568,12.5711,0.00,0.00
2016.04.11 19:09:33.314,12.56798,12.5711,0.00,0.00
2016.04.11 19:09:33.415,12.56779,12.57111,0.00,0.00
2016.04.11 19:09:34.411,12.5678,12.5711,0.00,0.00
2016.04.11 19:09:34.792,12.568,12.5714,0.00,0.00
2016.04.11 19:09:35.359,12.56799,12.57141,0.00,0.00
2016.04.11 19:09:36.182,12.56801,12.57141,0.00,0.00
2016.04.11 19:09:36.730,12.56801,12.5711,0.00,0.00
2016.04.11 19:09:37.062,12.56801,12.57101,0.00,0.00
2016.04.11 19:09:37.539,12.56751,12.57101,0.00,0.00
2016.04.11 19:09:38.992,12.56751,12.571,0.00,0.00
2016.04.11 19:09:39.493,12.56751,12.57101,0.00,0.00
2016.04.11 19:09:40.195,12.56751,12.57091,0.00,0.00
2016.04.11 19:09:40.422,12.56751,12.571,0.00,0.00
2016.04.11 19:09:41.019,12.56751,12.57101,0.00,0.00
2016.04.11 19:09:41.900,12.56751,12.571,0.00,0.00
2016.04.11 19:09:42.401,12.56751,12.57101,0.00,0.00
2016.04.11 19:09:42.641,12.56751,12.57091,0.00,0.00
2016.04.11 19:09:43.025,12.56751,12.5708,0.00,0.00
2016.04.11 19:09:43.605,12.56751,12.57081,0.00,0.00
2016.04.11 19:09:44.106,12.56751,12.5708,0.00,0.00
2016.04.11 19:09:46.112,12.56751,12.57081,0.00,0.00
2016.04.11 19:09:47.535,12.56751,12.57091,0.00,0.00
2016.04.11 19:09:47.636,12.56751,12.57101,0.00,0.00
2016.04.11 19:09:48.281,12.56751,12.571,0.00,0.00
2016.04.11 19:09:48.941,12.56751,12.57101,0.00,0.00
2016.04.11 19:09:50.123,12.56751,12.571,0.00,0.00
2016.04.11 19:09:50.641,12.56751,12.57101,0.00,0.00
2016.04.11 19:09:51.252,12.56751,12.571,0.00,0.00
2016.04.11 19:09:52.630,12.56751,12.57101,0.00,0.00
2016.04.11 19:09:53.132,12.56751,12.571,0.00,0.00
2016.04.11 19:09:53.633,12.56751,12.57101,0.00,0.00
2016.04.11 19:09:54.134,12.56751,12.571,0.00,0.00
2016.04.11 19:09:54.684,12.56751,12.57101,0.00,0.00
2016.04.11 19:09:55.639,12.56751,12.571,0.00,0.00
2016.04.11 19:09:56.140,12.56751,12.57101,0.00,0.00
2016.04.11 19:09:56.642,12.56751,12.571,0.00,0.00
2016.04.11 19:09:57.143,12.56751,12.57101,0.00,0.00
2016.04.11 19:09:57.244,12.56751,12.5709,0.00,0.00
2016.04.11 19:09:57.891,12.56751,12.57101,0.00,0.00
2016.04.11 19:09:58.093,12.56751,12.57081,0.00,0.00
2016.04.11 19:09:58.395,12.56801,12.57112,0.00,0.00
2016.04.11 19:09:58.446,12.56801,12.57131,0.00,0.00
2016.04.11 19:09:58.947,12.56801,12.5713,0.00,0.00
2016.04.11 19:09:59.849,12.56801,12.57131,0.00,0.00
2016.04.11 19:10:00.254,12.56801,12.5711,0.00,0.00
2016.04.11 19:10:00.305,12.56758,12.5711,0.00,0.00
2016.04.11 19:10:00.411,12.56751,12.5711,0.00,0.00
2016.04.11 19:10:00.791,12.56759,12.57112,0.00,0.00
2016.04.11 19:10:00.841,12.56759,12.57132,0.00,0.00
2016.04.11 19:10:00.902,12.568,12.57132,0.00,0.00
2016.04.11 19:10:00.953,12.56799,12.57149,0.00,0.00
2016.04.11 19:10:01.704,12.56801,12.57152,0.00,0.00
2016.04.11 19:10:02.941,12.56801,12.57141,0.00,0.00
2016.04.11 19:10:03.042,12.56801,12.57152,0.00,0.00
2016.04.11 19:10:03.709,12.56758,12.5711,0.00,0.00
2016.04.11 19:10:03.821,12.56751,12.5711,0.00,0.00
2016.04.11 19:10:05.764,12.56751,12.57111,0.00,0.00
2016.04.11 19:10:06.030,12.56751,12.57101,0.00,0.00
2016.04.11 19:10:06.131,12.56751,12.57111,0.00,0.00
2016.04.11 19:10:06.645,12.56751,12.5711,0.00,0.00
2016.04.11 19:10:07.180,12.56751,12.57111,0.00,0.00
2016.04.11 19:10:08.270,12.56751,12.5711,0.00,0.00
2016.04.11 19:10:08.772,12.56751,12.57111,0.00,0.00
2016.04.11 19:10:09.373,12.56751,12.5711,0.00,0.00
2016.04.11 19:10:09.874,12.56751,12.57111,0.00,0.00
2016.04.11 19:10:09.976,12.5676,12.5711,0.00,0.00
2016.04.11 19:10:10.199,12.56751,12.57111,0.00,0.00
2016.04.11 19:10:10.455,12.56809,12.5711,0.00,0.00
2016.04.11 19:10:10.556,12.56851,12.57171,0.00,0.00
2016.04.11 19:10:10.607,12.56851,12.57181,0.00,0.00
2016.04.11 19:10:11.599,12.56851,12.57131,0.00,0.00
2016.04.11 19:10:11.703,12.56851,12.57142,0.00,0.00
2016.04.11 19:10:11.754,12.56851,12.57152,0.00,0.00
2016.04.11 19:10:11.884,12.56801,12.57152,0.00,0.00
2016.04.11 19:10:12.855,12.56801,12.57162,0.00,0.00
2016.04.11 19:10:16.276,12.56852,12.57162,0.00,0.00
2016.04.11 19:10:16.326,12.56852,12.57172,0.00,0.00
2016.04.11 19:10:16.488,12.56852,12.5719,0.00,0.00
2016.04.11 19:10:17.087,12.56852,12.57191,0.00,0.00
2016.04.11 19:10:17.749,12.56852,12.5719,0.00,0.00
2016.04.11 19:10:18.506,12.56852,12.57191,0.00,0.00
2016.04.11 19:10:19.070,12.56852,12.5719,0.00,0.00
2016.04.11 19:10:19.202,12.56852,12.572,0.00,0.00
2016.04.11 19:10:19.604,12.56852,12.5717,0.00,0.00
2016.04.11 19:10:20.120,12.56852,12.57171,0.00,0.00
2016.04.11 19:10:20.707,12.56852,12.5718,0.00,0.00
2016.04.11 19:10:21.208,12.56852,12.57161,0.00,0.00
2016.04.11 19:10:21.903,12.56852,12.5716,0.00,0.00
2016.04.11 19:10:22.504,12.56852,12.57161,0.00,0.00
2016.04.11 19:10:23.051,12.56852,12.5716,0.00,0.00
2016.04.11 19:10:23.640,12.56852,12.57171,0.00,0.00
2016.04.11 19:10:24.209,12.56852,12.5717,0.00,0.00
2016.04.11 19:10:24.911,12.56852,12.57171,0.00,0.00
2016.04.11 19:10:25.692,12.56852,12.5717,0.00,0.00
2016.04.11 19:10:26.436,12.56852,12.57171,0.00,0.00
2016.04.11 19:10:26.731,12.56852,12.5718,0.00,0.00
2016.04.11 19:10:27.617,12.56852,12.57181,0.00,0.00
2016.04.11 19:10:28.218,12.56852,12.5718,0.00,0.00
2016.04.11 19:10:28.719,12.56852,12.57181,0.00,0.00
2016.04.11 19:10:29.121,12.56852,12.5717,0.00,0.00
2016.04.11 19:10:29.672,12.56852,12.57171,0.00,0.00
2016.04.11 19:10:30.223,12.56852,12.57181,0.00,0.00
2016.04.11 19:10:30.768,12.56852,12.5718,0.00,0.00
2016.04.11 19:10:31.301,12.56852,12.57181,0.00,0.00
2016.04.11 19:10:32.828,12.56852,12.5718,0.00,0.00
2016.04.11 19:10:33.366,12.56852,12.57181,0.00,0.00
2016.04.11 19:10:34.370,12.56852,12.5718,0.00,0.00
2016.04.11 19:10:34.980,12.56852,12.57181,0.00,0.00
2016.04.11 19:10:36.966,12.56852,12.5717,0.00,0.00
2016.04.11 19:10:37.040,12.56852,12.57181,0.00,0.00
2016.04.11 19:10:37.142,12.56852,12.5717,0.00,0.00
2016.04.11 19:10:38.063,12.56852,12.57171,0.00,0.00
2016.04.11 19:10:38.570,12.56852,12.5717,0.00,0.00
2016.04.11 19:10:39.144,12.56852,12.57171,0.00,0.00
2016.04.11 19:10:40.246,12.56852,12.57161,0.00,0.00
2016.04.11 19:10:40.448,12.56852,12.57171,0.00,0.00
2016.04.11 19:10:40.549,12.56852,12.57161,0.00,0.00
2016.04.11 19:10:41.150,12.56852,12.57171,0.00,0.00
2016.04.11 19:10:41.251,12.56852,12.5716,0.00,0.00
2016.04.11 19:10:41.850,12.56852,12.57161,0.00,0.00
2016.04.11 19:10:42.752,12.56852,12.5716,0.00,0.00
2016.04.11 19:10:43.153,12.56852,12.57171,0.00,0.00
2016.04.11 19:10:43.843,12.5685,12.5717,0.00,0.00
2016.04.11 19:10:43.894,12.56849,12.57151,0.00,0.00
2016.04.11 19:10:43.995,12.56808,12.5717,0.00,0.00
2016.04.11 19:10:44.045,12.56819,12.5717,0.00,0.00
2016.04.11 19:10:44.396,12.56801,12.57161,0.00,0.00
2016.04.11 19:10:44.506,12.56801,12.57142,0.00,0.00
2016.04.11 19:10:44.707,12.56801,12.57152,0.00,0.00
2016.04.11 19:10:45.753,12.56852,12.57152,0.00,0.00
2016.04.11 19:10:45.804,12.56852,12.57162,0.00,0.00
2016.04.11 19:10:45.905,12.56852,12.5719,0.00,0.00
2016.04.11 19:10:46.073,12.56852,12.57171,0.00,0.00
2016.04.11 19:10:46.384,12.56852,12.57181,0.00,0.00
2016.04.11 19:10:46.487,12.56852,12.5721,0.00,0.00
2016.04.11 19:10:47.062,12.56852,12.572,0.00,0.00
2016.04.11 19:10:48.264,12.56852,12.57201,0.00,0.00
2016.04.11 19:10:48.673,12.56801,12.57181,0.00,0.00
2016.04.11 19:10:48.727,12.56801,12.57162,0.00,0.00
2016.04.11 19:10:48.943,12.56801,12.57181,0.00,0.00
2016.04.11 19:10:49.044,12.56801,12.57152,0.00,0.00
2016.04.11 19:10:49.728,12.56801,12.57171,0.00,0.00
2016.04.11 19:10:49.929,12.56801,12.57141,0.00,0.00
2016.04.11 19:10:50.235,12.56779,12.57111,0.00,0.00
2016.04.11 19:10:51.070,12.5678,12.5711,0.00,0.00
2016.04.11 19:10:51.571,12.56779,12.57111,0.00,0.00
2016.04.11 19:10:52.473,12.5678,12.5711,0.00,0.00
2016.04.11 19:10:53.008,12.56779,12.57111,0.00,0.00
2016.04.11 19:10:53.336,12.56802,12.57111,0.00,0.00
2016.04.11 19:10:53.876,12.56802,12.5711,0.00,0.00
2016.04.11 19:10:54.377,12.56802,12.57111,0.00,0.00
2016.04.11 19:10:54.878,12.56802,12.5711,0.00,0.00
2016.04.11 19:10:55.443,12.56851,12.57201,0.00,0.00
2016.04.11 19:10:56.181,12.56851,12.5719,0.00,0.00
2016.04.11 19:10:56.688,12.56851,12.57191,0.00,0.00
2016.04.11 19:10:57.985,12.56851,12.5719,0.00,0.00
2016.04.11 19:10:58.486,12.56851,12.57191,0.00,0.00
2016.04.11 19:10:59.126,12.56851,12.57181,0.00,0.00
2016.04.11 19:11:00.590,12.56851,12.5718,0.00,0.00
2016.04.11 19:11:01.606,12.56851,12.57181,0.00,0.00
2016.04.11 19:11:02.190,12.56849,12.57181,0.00,0.00
2016.04.11 19:11:02.291,12.56808,12.57171,0.00,0.00
2016.04.11 19:11:02.357,12.56808,12.57191,0.00,0.00
2016.04.11 19:11:02.408,12.56801,12.57162,0.00,0.00
2016.04.11 19:11:02.544,12.56801,12.57172,0.00,0.00
2016.04.11 19:11:02.941,12.5685,12.5719,0.00,0.00
2016.04.11 19:11:03.246,12.5685,12.5718,0.00,0.00
2016.04.11 19:11:03.598,12.56852,12.57181,0.00,0.00
2016.04.11 19:11:04.306,12.56852,12.57161,0.00,0.00
2016.04.11 19:11:04.407,12.56852,12.5718,0.00,0.00
2016.04.11 19:11:05.017,12.56852,12.57181,0.00,0.00
2016.04.11 19:11:06.403,12.56852,12.5718,0.00,0.00
2016.04.11 19:11:06.925,12.56852,12.5713,0.00,0.00
2016.04.11 19:11:07.266,12.56778,12.57111,0.00,0.00
2016.04.11 19:11:07.317,12.56758,12.5711,0.00,0.00
2016.04.11 19:11:07.418,12.56752,12.57111,0.00,0.00
2016.04.11 19:11:07.481,12.56752,12.57102,0.00,0.00
2016.04.11 19:11:07.582,12.56752,12.57111,0.00,0.00
2016.04.11 19:11:07.633,12.56752,12.57101,0.00,0.00
2016.04.11 19:11:08.534,12.56752,12.57091,0.00,0.00
2016.04.11 19:11:09.358,12.56752,12.5708,0.00,0.00
2016.04.11 19:11:09.953,12.56752,12.57021,0.00,0.00
2016.04.11 19:11:10.003,12.56749,12.57021,0.00,0.00
2016.04.11 19:11:10.054,12.56702,12.57041,0.00,0.00
2016.04.11 19:11:10.262,12.56702,12.57071,0.00,0.00
2016.04.11 19:11:10.462,12.56702,12.57061,0.00,0.00
2016.04.11 19:11:10.832,12.56702,12.57041,0.00,0.00
2016.04.11 19:11:12.391,12.56699,12.57041,0.00,0.00
2016.04.11 19:11:12.442,12.56651,12.57011,0.00,0.00
2016.04.11 19:11:13.564,12.56651,12.5701,0.00,0.00
2016.04.11 19:11:14.321,12.56651,12.57011,0.00,0.00
2016.04.11 19:11:14.920,12.56658,12.57011,0.00,0.00
2016.04.11 19:11:15.021,12.56651,12.57011,0.00,0.00
2016.04.11 19:11:15.728,12.56651,12.57001,0.00,0.00
2016.04.11 19:11:15.982,12.56602,12.56962,0.00,0.00
2016.04.11 19:11:16.146,12.56602,12.56972,0.00,0.00
2016.04.11 19:11:16.524,12.56602,12.56962,0.00,0.00
2016.04.11 19:11:16.624,12.56602,12.56972,0.00,0.00
2016.04.11 19:11:17.727,12.56602,12.56961,0.00,0.00
2016.04.11 19:11:18.058,12.56602,12.56972,0.00,0.00
2016.04.11 19:11:19.994,12.56602,12.56982,0.00,0.00
2016.04.11 19:11:20.095,12.56602,12.56972,0.00,0.00
2016.04.11 19:11:20.495,12.56602,12.5699,0.00,0.00
2016.04.11 19:11:20.615,12.56602,12.56971,0.00,0.00
2016.04.11 19:11:21.096,12.56602,12.56982,0.00,0.00
2016.04.11 19:11:21.197,12.56602,12.56962,0.00,0.00
2016.04.11 19:11:21.544,12.56602,12.56971,0.00,0.00
2016.04.11 19:11:23.145,12.56602,12.56962,0.00,0.00
2016.04.11 19:11:25.072,12.56649,12.56962,0.00,0.00
2016.04.11 19:11:25.123,12.56649,12.56982,0.00,0.00
2016.04.11 19:11:25.174,12.56608,12.56982,0.00,0.00
2016.04.11 19:11:25.274,12.56602,12.56982,0.00,0.00
2016.04.11 19:11:25.325,12.56618,12.5699,0.00,0.00
2016.04.11 19:11:25.655,12.56602,12.56962,0.00,0.00
2016.04.11 19:11:26.021,12.56652,12.57011,0.00,0.00
2016.04.11 19:11:27.099,12.56618,12.5697,0.00,0.00
2016.04.11 19:11:27.159,12.56618,12.56981,0.00,0.00
2016.04.11 19:11:27.209,12.56602,12.56951,0.00,0.00
2016.04.11 19:11:27.980,12.56602,12.56911,0.00,0.00
2016.04.11 19:11:28.512,12.56551,12.56911,0.00,0.00
2016.04.11 19:11:29.903,12.56551,12.5691,0.00,0.00
2016.04.11 19:11:30.517,12.56558,12.5691,0.00,0.00
2016.04.11 19:11:30.568,12.56551,12.5691,0.00,0.00
2016.04.11 19:11:30.668,12.56551,12.569,0.00,0.00
2016.04.11 19:11:31.510,12.56551,12.56901,0.00,0.00
2016.04.11 19:11:32.036,12.56551,12.569,0.00,0.00
2016.04.11 19:11:32.646,12.56551,12.56901,0.00,0.00
2016.04.11 19:11:33.440,12.56551,12.569,0.00,0.00
2016.04.11 19:11:33.806,12.56559,12.56911,0.00,0.00
2016.04.11 19:11:33.927,12.56551,12.56911,0.00,0.00
2016.04.11 19:11:34.452,12.56551,12.5691,0.00,0.00
2016.04.11 19:11:34.503,12.56508,12.56821,0.00,0.00
2016.04.11 19:11:34.579,12.56549,12.56891,0.00,0.00
2016.04.11 19:11:35.047,12.5655,12.56899,0.00,0.00
2016.04.11 19:11:35.583,12.56549,12.56899,0.00,0.00
2016.04.11 19:11:35.924,12.56551,12.56901,0.00,0.00
2016.04.11 19:11:36.435,12.56551,12.569,0.00,0.00
2016.04.11 19:11:37.326,12.56551,12.56901,0.00,0.00
2016.04.11 19:11:38.993,12.56551,12.569,0.00,0.00
2016.04.11 19:11:39.995,12.56551,12.56901,0.00,0.00
2016.04.11 19:11:40.497,12.56551,12.569,0.00,0.00
2016.04.11 19:11:41.099,12.56551,12.56901,0.00,0.00
2016.04.11 19:11:42.001,12.56551,12.569,0.00,0.00
2016.04.11 19:11:42.502,12.56551,12.56901,0.00,0.00
2016.04.11 19:11:46.310,12.56551,12.569,0.00,0.00
2016.04.11 19:11:47.011,12.56551,12.56901,0.00,0.00
2016.04.11 19:11:48.045,12.56551,12.569,0.00,0.00
2016.04.11 19:11:48.742,12.56551,12.5691,0.00,0.00
2016.04.11 19:11:48.793,12.56551,12.56901,0.00,0.00
2016.04.11 19:11:48.894,12.56551,12.56911,0.00,0.00
2016.04.11 19:11:48.995,12.56551,12.56901,0.00,0.00
2016.04.11 19:11:49.352,12.56551,12.56891,0.00,0.00
2016.04.11 19:11:50.012,12.56551,12.5689,0.00,0.00
2016.04.11 19:11:50.268,12.56551,12.569,0.00,0.00
2016.04.11 19:11:50.646,12.56551,12.56891,0.00,0.00
2016.04.11 19:11:51.333,12.56551,12.5689,0.00,0.00
2016.04.11 19:11:51.992,12.56551,12.56891,0.00,0.00
2016.04.11 19:11:52.527,12.56551,12.5691,0.00,0.00
2016.04.11 19:11:52.579,12.56551,12.56902,0.00,0.00
2016.04.11 19:11:52.983,12.56551,12.5689,0.00,0.00
2016.04.11 19:11:53.630,12.56551,12.56891,0.00,0.00
2016.04.11 19:11:54.633,12.56551,12.5689,0.00,0.00
2016.04.11 19:11:54.964,12.56549,12.56899,0.00,0.00
2016.04.11 19:11:55.115,12.5655,12.56872,0.00,0.00
2016.04.11 19:11:55.216,12.56549,12.56899,0.00,0.00
2016.04.11 19:11:55.535,12.5655,12.5689,0.00,0.00
2016.04.11 19:11:56.215,12.56551,12.5689,0.00,0.00
2016.04.11 19:11:56.840,12.56551,12.56891,0.00,0.00
2016.04.11 19:11:57.382,12.56551,12.5689,0.00,0.00
2016.04.11 19:11:57.694,12.56501,12.56811,0.00,0.00
2016.04.11 19:11:58.143,12.56508,12.56811,0.00,0.00
2016.04.11 19:11:58.494,12.5655,12.5684,0.00,0.00
2016.04.11 19:11:59.048,12.56552,12.5684,0.00,0.00
2016.04.11 19:11:59.599,12.56552,12.56841,0.00,0.00
2016.04.11 19:12:00.150,12.56552,12.5684,0.00,0.00
2016.04.11 19:12:00.652,12.56552,12.56841,0.00,0.00
2016.04.11 19:12:01.655,12.56552,12.5684,0.00,0.00
2016.04.11 19:12:01.856,12.56509,12.5683,0.00,0.00
2016.04.11 19:12:01.968,12.56501,12.5683,0.00,0.00
2016.04.11 19:12:02.556,12.56501,12.56831,0.00,0.00
2016.04.11 19:12:03.861,12.56501,12.5683,0.00,0.00
2016.04.11 19:12:05.466,12.56501,12.56831,0.00,0.00
2016.04.11 19:12:05.968,12.56501,12.5683,0.00,0.00
2016.04.11 19:12:06.469,12.56501,12.56831,0.00,0.00
2016.04.11 19:12:07.973,12.56501,12.5683,0.00,0.00
2016.04.11 19:12:08.878,12.56501,12.56831,0.00,0.00
2016.04.11 19:12:09.477,12.56501,12.5683,0.00,0.00
2016.04.11 19:12:09.978,12.56501,12.56831,0.00,0.00
2016.04.11 19:12:10.527,12.56501,12.5683,0.00,0.00
2016.04.11 19:12:11.137,12.56501,12.56831,0.00,0.00
2016.04.11 19:12:11.683,12.56501,12.5683,0.00,0.00
2016.04.11 19:12:12.458,12.56501,12.56831,0.00,0.00
2016.04.11 19:12:12.986,12.56529,12.56831,0.00,0.00
2016.04.11 19:12:13.498,12.5653,12.5683,0.00,0.00
2016.04.11 19:12:14.108,12.56529,12.56831,0.00,0.00
2016.04.11 19:12:14.738,12.5653,12.5683,0.00,0.00
2016.04.11 19:12:16.839,12.56529,12.56831,0.00,0.00
2016.04.11 19:12:17.396,12.5653,12.5683,0.00,0.00
2016.04.11 19:12:18.068,12.56529,12.56831,0.00,0.00
2016.04.11 19:12:18.841,12.5653,12.5683,0.00,0.00
2016.04.11 19:12:19.388,12.56529,12.56831,0.00,0.00
2016.04.11 19:12:19.892,12.5653,12.5683,0.00,0.00
2016.04.11 19:12:20.437,12.56529,12.56831,0.00,0.00
2016.04.11 19:12:20.538,12.56469,12.5681,0.00,0.00
2016.04.11 19:12:20.595,12.56452,12.5681,0.00,0.00
2016.04.11 19:12:20.646,12.56452,12.56801,0.00,0.00
2016.04.11 19:12:21.204,12.56452,12.568,0.00,0.00
2016.04.11 19:12:21.739,12.56452,12.56801,0.00,0.00
2016.04.11 19:12:23.541,12.56452,12.56791,0.00,0.00
2016.04.11 19:12:24.046,12.56452,12.5679,0.00,0.00
2016.04.11 19:12:25.646,12.56452,12.56801,0.00,0.00
2016.04.11 19:12:26.515,12.56452,12.568,0.00,0.00
2016.04.11 19:12:27.052,12.56452,12.56801,0.00,0.00
2016.04.11 19:12:27.618,12.56452,12.568,0.00,0.00
2016.04.11 19:12:28.120,12.56452,12.56801,0.00,0.00
2016.04.11 19:12:28.941,12.56452,12.5679,0.00,0.00
2016.04.11 19:12:28.992,12.56408,12.5679,0.00,0.00
2016.04.11 19:12:29.042,12.56449,12.56791,0.00,0.00
2016.04.11 19:12:29.556,12.56449,12.56799,0.00,0.00
2016.04.11 19:12:30.399,12.56452,12.56811,0.00,0.00
2016.04.11 19:12:32.735,12.56452,12.5681,0.00,0.00
2016.04.11 19:12:32.791,12.56452,12.56791,0.00,0.00
2016.04.11 19:12:33.189,12.56449,12.56749,0.00,0.00
2016.04.11 19:12:33.498,12.56459,12.56749,0.00,0.00
2016.04.11 19:12:33.599,12.56459,12.56811,0.00,0.00
2016.04.11 19:12:33.704,12.56451,12.56811,0.00,0.00
2016.04.11 19:12:34.145,12.56468,12.56811,0.00,0.00
2016.04.11 19:12:34.246,12.56451,12.56811,0.00,0.00
2016.04.11 19:12:35.042,12.56451,12.5681,0.00,0.00
2016.04.11 19:12:35.543,12.56451,12.56811,0.00,0.00
2016.04.11 19:12:36.044,12.56451,12.5681,0.00,0.00
2016.04.11 19:12:36.545,12.56451,12.56811,0.00,0.00
2016.04.11 19:12:37.046,12.56451,12.5681,0.00,0.00
2016.04.11 19:12:37.572,12.56451,12.56811,0.00,0.00
2016.04.11 19:12:39.051,12.56451,12.5681,0.00,0.00
2016.04.11 19:12:39.679,12.56451,12.56811,0.00,0.00
2016.04.11 19:12:39.789,12.56459,12.56811,0.00,0.00
2016.04.11 19:12:40.094,12.56549,12.56898,0.00,0.00
2016.04.11 19:12:40.730,12.56549,12.56911,0.00,0.00
2016.04.11 19:12:41.857,12.5655,12.5691,0.00,0.00
2016.04.11 19:12:42.358,12.56549,12.56911,0.00,0.00
2016.04.11 19:12:43.561,12.5655,12.5691,0.00,0.00
2016.04.11 19:12:43.811,12.56558,12.5691,0.00,0.00
2016.04.11 19:12:44.251,12.5665,12.5694,0.00,0.00
2016.04.11 19:12:44.771,12.56629,12.56921,0.00,0.00
2016.04.11 19:12:44.822,12.56608,12.56921,0.00,0.00
2016.04.11 19:12:44.923,12.56602,12.5692,0.00,0.00
2016.04.11 19:12:45.572,12.56602,12.56921,0.00,0.00
2016.04.11 19:12:45.634,12.56599,12.56921,0.00,0.00
2016.04.11 19:12:45.685,12.56569,12.5691,0.00,0.00
2016.04.11 19:12:45.785,12.56558,12.5691,0.00,0.00
2016.04.11 19:12:45.836,12.56552,12.5691,0.00,0.00
2016.04.11 19:12:46.367,12.56552,12.56911,0.00,0.00
2016.04.11 19:12:46.892,12.56552,12.5691,0.00,0.00
2016.04.11 19:12:47.673,12.56552,12.56911,0.00,0.00
2016.04.11 19:12:47.830,12.56558,12.5691,0.00,0.00
2016.04.11 19:12:48.529,12.56578,12.5691,0.00,0.00
2016.04.11 19:12:48.872,12.56601,12.5691,0.00,0.00
2016.04.11 19:12:49.478,12.56601,12.56911,0.00,0.00
2016.04.11 19:12:49.979,12.56601,12.5691,0.00,0.00
2016.04.11 19:12:50.224,12.56558,12.5691,0.00,0.00
2016.04.11 19:12:50.275,12.56551,12.5691,0.00,0.00
2016.04.11 19:12:50.426,12.56559,12.56911,0.00,0.00
2016.04.11 19:12:50.852,12.56599,12.56911,0.00,0.00
2016.04.11 19:12:51.512,12.566,12.5691,0.00,0.00
2016.04.11 19:12:52.056,12.56601,12.5691,0.00,0.00
2016.04.11 19:12:52.692,12.56601,12.56911,0.00,0.00
2016.04.11 19:12:53.197,12.56601,12.5691,0.00,0.00
2016.04.11 19:12:53.542,12.56651,12.56911,0.00,0.00
2016.04.11 19:12:53.593,12.56651,12.5694,0.00,0.00
2016.04.11 19:12:54.104,12.56651,12.56941,0.00,0.00
2016.04.11 19:12:54.943,12.56602,12.56941,0.00,0.00
2016.04.11 19:12:55.893,12.56602,12.5694,0.00,0.00
2016.04.11 19:12:56.512,12.56602,12.56941,0.00,0.00
2016.04.11 19:12:57.122,12.56602,12.5694,0.00,0.00
2016.04.11 19:12:57.782,12.56602,12.56941,0.00,0.00
2016.04.11 19:12:58.298,12.56602,12.5694,0.00,0.00
2016.04.11 19:12:59.090,12.56602,12.56941,0.00,0.00
2016.04.11 19:12:59.644,12.56649,12.56962,0.00,0.00
2016.04.11 19:12:59.695,12.56651,12.56981,0.00,0.00
2016.04.11 19:12:59.796,12.56651,12.5701,0.00,0.00
2016.04.11 19:13:00.299,12.56651,12.57011,0.00,0.00
2016.04.11 19:13:00.749,12.56651,12.57001,0.00,0.00
2016.04.11 19:13:00.895,12.56658,12.57011,0.00,0.00
2016.04.11 19:13:00.946,12.56669,12.57011,0.00,0.00
2016.04.11 19:13:01.047,12.56651,12.5701,0.00,0.00
2016.04.11 19:13:01.097,12.56658,12.5701,0.00,0.00
2016.04.11 19:13:01.254,12.56651,12.57011,0.00,0.00
2016.04.11 19:13:01.855,12.56668,12.57011,0.00,0.00
2016.04.11 19:13:01.956,12.56651,12.5701,0.00,0.00
2016.04.11 19:13:02.526,12.56651,12.57011,0.00,0.00
2016.04.11 19:13:03.509,12.56651,12.5701,0.00,0.00
2016.04.11 19:13:04.010,12.56651,12.57011,0.00,0.00
2016.04.11 19:13:05.012,12.56651,12.5701,0.00,0.00
2016.04.11 19:13:06.114,12.56651,12.57011,0.00,0.00
2016.04.11 19:13:06.616,12.56651,12.5701,0.00,0.00
2016.04.11 19:13:07.517,12.56651,12.57011,0.00,0.00
2016.04.11 19:13:08.620,12.56651,12.5701,0.00,0.00
2016.04.11 19:13:09.562,12.56651,12.5699,0.00,0.00
2016.04.11 19:13:10.039,12.56651,12.56981,0.00,0.00
2016.04.11 19:13:10.700,12.56651,12.5698,0.00,0.00
2016.04.11 19:13:11.225,12.56651,12.56981,0.00,0.00
2016.04.11 19:13:13.134,12.56651,12.56991,0.00,0.00
2016.04.11 19:13:14.232,12.56651,12.5699,0.00,0.00
2016.04.11 19:13:14.844,12.56651,12.56991,0.00,0.00
2016.04.11 19:13:15.672,12.56651,12.56981,0.00,0.00
2016.04.11 19:13:15.874,12.56651,12.5699,0.00,0.00
2016.04.11 19:13:16.635,12.56651,12.56991,0.00,0.00
2016.04.11 19:13:17.742,12.56651,12.5699,0.00,0.00
2016.04.11 19:13:18.744,12.56651,12.56991,0.00,0.00
2016.04.11 19:13:18.994,12.56649,12.56991,0.00,0.00
2016.04.11 19:13:19.045,12.56609,12.5697,0.00,0.00
2016.04.11 19:13:19.095,12.56608,12.56962,0.00,0.00
2016.04.11 19:13:19.146,12.56601,12.56962,0.00,0.00
2016.04.11 19:13:19.294,12.56601,12.5698,0.00,0.00
2016.04.11 19:13:19.345,12.56649,12.56981,0.00,0.00
2016.04.11 19:13:19.946,12.5665,12.5698,0.00,0.00
2016.04.11 19:13:20.447,12.56651,12.56981,0.00,0.00
2016.04.11 19:13:20.948,12.56651,12.56971,0.00,0.00
2016.04.11 19:13:21.449,12.56651,12.5697,0.00,0.00
2016.04.11 19:13:22.000,12.56651,12.56971,0.00,0.00
2016.04.11 19:13:22.301,12.56651,12.56961,0.00,0.00
2016.04.11 19:13:22.352,12.56651,12.56971,0.00,0.00
2016.04.11 19:13:22.989,12.56651,12.5697,0.00,0.00
2016.04.11 19:13:23.980,12.56651,12.56991,0.00,0.00
2016.04.11 19:13:24.081,12.56651,12.57001,0.00,0.00
2016.04.11 19:13:24.665,12.56651,12.56991,0.00,0.00
2016.04.11 19:13:24.865,12.56651,12.57,0.00,0.00
2016.04.11 19:13:25.558,12.56651,12.57001,0.00,0.00
2016.04.11 19:13:25.912,12.56651,12.56991,0.00,0.00
2016.04.11 19:13:26.560,12.56651,12.5699,0.00,0.00
2016.04.11 19:13:27.061,12.56651,12.56991,0.00,0.00
2016.04.11 19:13:28.664,12.56651,12.5699,0.00,0.00
2016.04.11 19:13:28.781,12.56651,12.57,0.00,0.00
2016.04.11 19:13:29.184,12.56651,12.56991,0.00,0.00
2016.04.11 19:13:30.168,12.56651,12.5699,0.00,0.00
2016.04.11 19:13:30.573,12.56651,12.57001,0.00,0.00
2016.04.11 19:13:31.170,12.56651,12.57,0.00,0.00
2016.04.11 19:13:32.272,12.56651,12.57001,0.00,0.00
2016.04.11 19:13:32.876,12.56651,12.5699,0.00,0.00
2016.04.11 19:13:33.531,12.56651,12.56991,0.00,0.00
2016.04.11 19:13:34.578,12.56651,12.5699,0.00,0.00
2016.04.11 19:13:36.483,12.56651,12.56991,0.00,0.00
2016.04.11 19:13:37.161,12.56651,12.5699,0.00,0.00
2016.04.11 19:13:37.687,12.56651,12.56991,0.00,0.00
2016.04.11 19:13:37.906,12.56651,12.57,0.00,0.00
2016.04.11 19:13:38.088,12.56651,12.5699,0.00,0.00
2016.04.11 19:13:38.202,12.56651,12.57,0.00,0.00
2016.04.11 19:13:39.292,12.56651,12.57001,0.00,0.00
2016.04.11 19:13:39.795,12.56651,12.57,0.00,0.00
2016.04.11 19:13:40.487,12.56651,12.57001,0.00,0.00
2016.04.11 19:13:42.849,12.56651,12.57,0.00,0.00
2016.04.11 19:13:44.006,12.56651,12.57001,0.00,0.00
2016.04.11 19:13:44.745,12.56651,12.57,0.00,0.00
2016.04.11 19:13:45.312,12.56651,12.57001,0.00,0.00
2016.04.11 19:13:45.915,12.56651,12.57,0.00,0.00
2016.04.11 19:13:46.833,12.56651,12.57001,0.00,0.00
2016.04.11 19:13:47.138,12.56651,12.57011,0.00,0.00
2016.04.11 19:13:47.822,12.56651,12.5701,0.00,0.00
2016.04.11 19:13:48.324,12.56651,12.57011,0.00,0.00
2016.04.11 19:13:49.780,12.56651,12.5701,0.00,0.00
2016.04.11 19:13:50.389,12.56651,12.57011,0.00,0.00
2016.04.11 19:13:51.050,12.56651,12.5701,0.00,0.00
2016.04.11 19:13:53.942,12.56651,12.57011,0.00,0.00
2016.04.11 19:13:55.746,12.56651,12.5701,0.00,0.00
2016.04.11 19:13:57.423,12.56651,12.57011,0.00,0.00
2016.04.11 19:13:57.992,12.56651,12.5701,0.00,0.00
2016.04.11 19:13:58.652,12.56651,12.57011,0.00,0.00
2016.04.11 19:14:01.357,12.56651,12.5701,0.00,0.00
2016.04.11 19:14:01.858,12.56651,12.57011,0.00,0.00
2016.04.11 19:14:02.360,12.56651,12.5701,0.00,0.00
2016.04.11 19:14:02.861,12.56651,12.57011,0.00,0.00
2016.04.11 19:14:02.992,12.56651,12.57,0.00,0.00
2016.04.11 19:14:03.262,12.56651,12.5701,0.00,0.00
2016.04.11 19:14:03.863,12.56651,12.57011,0.00,0.00
2016.04.11 19:14:04.485,12.56651,12.57,0.00,0.00
2016.04.11 19:14:05.252,12.56651,12.57001,0.00,0.00
2016.04.11 19:14:05.879,12.56651,12.57,0.00,0.00
2016.04.11 19:14:06.381,12.56651,12.57001,0.00,0.00
2016.04.11 19:14:06.921,12.56651,12.57,0.00,0.00
2016.04.11 19:14:07.775,12.56651,12.57001,0.00,0.00
2016.04.11 19:14:08.877,12.56651,12.57,0.00,0.00
2016.04.11 19:14:09.379,12.56651,12.57001,0.00,0.00
2016.04.11 19:14:09.796,12.56651,12.57011,0.00,0.00
2016.04.11 19:14:10.917,12.56651,12.5701,0.00,0.00
2016.04.11 19:14:11.165,12.56669,12.5701,0.00,0.00
2016.04.11 19:14:11.266,12.56651,12.57011,0.00,0.00
2016.04.11 19:14:11.766,12.56668,12.57011,0.00,0.00
2016.04.11 19:14:11.866,12.56651,12.5701,0.00,0.00
2016.04.11 19:14:12.586,12.56651,12.57011,0.00,0.00
2016.04.11 19:14:14.891,12.56651,12.5701,0.00,0.00
2016.04.11 19:14:16.165,12.56702,12.5701,0.00,0.00
2016.04.11 19:14:16.216,12.5673,12.5705,0.00,0.00
2016.04.11 19:14:16.317,12.5685,12.57098,0.00,0.00
2016.04.11 19:14:16.578,12.56869,12.57211,0.00,0.00
2016.04.11 19:14:16.679,12.56851,12.57211,0.00,0.00
2016.04.11 19:14:16.780,12.56858,12.57211,0.00,0.00
2016.04.11 19:14:17.516,12.56858,12.5721,0.00,0.00
2016.04.11 19:14:18.126,12.56858,12.57211,0.00,0.00
2016.04.11 19:14:18.279,12.56851,12.5721,0.00,0.00
2016.04.11 19:14:18.786,12.56851,12.57211,0.00,0.00
2016.04.11 19:14:19.847,12.56851,12.5721,0.00,0.00
2016.04.11 19:14:20.436,12.56851,12.57211,0.00,0.00
2016.04.11 19:14:20.883,12.56869,12.57211,0.00,0.00
2016.04.11 19:14:20.984,12.56851,12.5721,0.00,0.00
2016.04.11 19:14:21.808,12.56851,12.57211,0.00,0.00
2016.04.11 19:14:22.814,12.56851,12.5721,0.00,0.00
2016.04.11 19:14:23.408,12.56851,12.57211,0.00,0.00
2016.04.11 19:14:23.909,12.56851,12.5721,0.00,0.00
2016.04.11 19:14:24.729,12.56851,12.57211,0.00,0.00
2016.04.11 19:14:25.389,12.56851,12.5721,0.00,0.00
2016.04.11 19:14:25.914,12.56851,12.57211,0.00,0.00
2016.04.11 19:14:26.817,12.56851,12.572,0.00,0.00
2016.04.11 19:14:27.117,12.56851,12.57211,0.00,0.00
2016.04.11 19:14:27.958,12.56851,12.5721,0.00,0.00
2016.04.11 19:14:28.120,12.56851,12.572,0.00,0.00
2016.04.11 19:14:28.521,12.56851,12.5719,0.00,0.00
2016.04.11 19:14:29.070,12.56851,12.57191,0.00,0.00
2016.04.11 19:14:30.525,12.56851,12.5719,0.00,0.00
2016.04.11 19:14:30.726,12.56851,12.57201,0.00,0.00
2016.04.11 19:14:31.527,12.56851,12.572,0.00,0.00
2016.04.11 19:14:32.529,12.56851,12.57201,0.00,0.00
2016.04.11 19:14:33.031,12.56851,12.572,0.00,0.00
2016.04.11 19:14:34.033,12.56851,12.57201,0.00,0.00
2016.04.11 19:14:36.036,12.56851,12.572,0.00,0.00
2016.04.11 19:14:37.039,12.56851,12.57201,0.00,0.00
2016.04.11 19:14:37.640,12.56851,12.57211,0.00,0.00
2016.04.11 19:14:37.691,12.56858,12.57211,0.00,0.00
2016.04.11 19:14:37.984,12.56851,12.5721,0.00,0.00
2016.04.11 19:14:38.542,12.56851,12.57211,0.00,0.00
2016.04.11 19:14:39.544,12.56851,12.5721,0.00,0.00
2016.04.11 19:14:40.545,12.56851,12.57211,0.00,0.00
2016.04.11 19:14:41.514,12.56858,12.57211,0.00,0.00
2016.04.11 19:14:42.048,12.56858,12.5721,0.00,0.00
2016.04.11 19:14:42.549,12.56858,12.57211,0.00,0.00
2016.04.11 19:14:42.700,12.56851,12.57211,0.00,0.00
2016.04.11 19:14:43.241,12.56851,12.5721,0.00,0.00
2016.04.11 19:14:44.052,12.56851,12.57211,0.00,0.00
2016.04.11 19:14:44.783,12.56851,12.5721,0.00,0.00
2016.04.11 19:14:45.550,12.56851,12.57211,0.00,0.00
2016.04.11 19:14:46.591,12.56858,12.5721,0.00,0.00
2016.04.11 19:14:46.708,12.56851,12.57211,0.00,0.00
2016.04.11 19:14:46.776,12.56868,12.57211,0.00,0.00
2016.04.11 19:14:46.899,12.56851,12.57211,0.00,0.00
2016.04.11 19:14:47.582,12.56868,12.57211,0.00,0.00
2016.04.11 19:14:47.910,12.56851,12.57211,0.00,0.00
2016.04.11 19:14:48.214,12.56859,12.57211,0.00,0.00
2016.04.11 19:14:49.799,12.56859,12.5721,0.00,0.00
2016.04.11 19:14:50.218,12.56851,12.5721,0.00,0.00
2016.04.11 19:14:50.770,12.56851,12.57211,0.00,0.00
2016.04.11 19:14:52.274,12.56851,12.5721,0.00,0.00
2016.04.11 19:14:52.777,12.56851,12.57211,0.00,0.00
2016.04.11 19:14:53.278,12.56851,12.5721,0.00,0.00
2016.04.11 19:14:53.727,12.56828,12.57171,0.00,0.00
2016.04.11 19:14:54.134,12.56849,12.57171,0.00,0.00
2016.04.11 19:14:54.514,12.56849,12.57181,0.00,0.00
2016.04.11 19:14:54.982,12.56849,12.57191,0.00,0.00
2016.04.11 19:14:55.084,12.56852,12.572,0.00,0.00
2016.04.11 19:14:55.884,12.56852,12.57191,0.00,0.00
2016.04.11 19:14:56.085,12.56852,12.57201,0.00,0.00
2016.04.11 19:14:57.188,12.56852,12.572,0.00,0.00
2016.04.11 19:14:57.700,12.56858,12.57191,0.00,0.00
2016.04.11 19:14:57.815,12.56852,12.5719,0.00,0.00
2016.04.11 19:14:59.193,12.56852,12.57201,0.00,0.00
2016.04.11 19:14:59.694,12.56852,12.572,0.00,0.00
2016.04.11 19:15:00.127,12.56852,12.57191,0.00,0.00
2016.04.11 19:15:00.234,12.56859,12.572,0.00,0.00
2016.04.11 19:15:00.285,12.56852,12.572,0.00,0.00
2016.04.11 19:15:00.335,12.56852,12.57191,0.00,0.00
2016.04.11 19:15:00.710,12.56852,12.57181,0.00,0.00
2016.04.11 19:15:00.761,12.56829,12.57181,0.00,0.00
2016.04.11 19:15:00.812,12.5683,12.5719,0.00,0.00
2016.04.11 19:15:00.913,12.56801,12.5713,0.00,0.00
2016.04.11 19:15:01.390,12.56749,12.57099,0.00,0.00
2016.04.11 19:15:01.441,12.56739,12.57099,0.00,0.00
2016.04.11 19:15:01.542,12.5675,12.57099,0.00,0.00
2016.04.11 19:15:01.843,12.56758,12.57099,0.00,0.00
2016.04.11 19:15:02.153,12.56768,12.57099,0.00,0.00
2016.04.11 19:15:02.203,12.56758,12.57099,0.00,0.00
2016.04.11 19:15:02.304,12.56749,12.57099,0.00,0.00
2016.04.11 19:15:02.820,12.56751,12.57111,0.00,0.00
2016.04.11 19:15:03.249,12.56751,12.57101,0.00,0.00
2016.04.11 19:15:03.650,12.56751,12.5711,0.00,0.00
2016.04.11 19:15:03.862,12.56751,12.571,0.00,0.00
2016.04.11 19:15:04.329,12.56751,12.57111,0.00,0.00
2016.04.11 19:15:05.053,12.56751,12.5711,0.00,0.00
2016.04.11 19:15:05.714,12.56751,12.57111,0.00,0.00
2016.04.11 19:15:05.916,12.56769,12.57111,0.00,0.00
2016.04.11 19:15:06.017,12.56751,12.57111,0.00,0.00
2016.04.11 19:15:06.067,12.56751,12.57101,0.00,0.00
2016.04.11 19:15:07.175,12.56751,12.5711,0.00,0.00
2016.04.11 19:15:07.623,12.56759,12.5711,0.00,0.00
2016.04.11 19:15:07.674,12.56759,12.57121,0.00,0.00
2016.04.11 19:15:08.024,12.56751,12.57121,0.00,0.00
2016.04.11 19:15:08.175,12.56751,12.57111,0.00,0.00
2016.04.11 19:15:08.276,12.56751,12.5712,0.00,0.00
2016.04.11 19:15:08.327,12.56759,12.5712,0.00,0.00
2016.04.11 19:15:08.526,12.56751,12.5712,0.00,0.00
2016.04.11 19:15:09.053,12.56751,12.57121,0.00,0.00
2016.04.11 19:15:09.713,12.56751,12.5712,0.00,0.00
2016.04.11 19:15:09.943,12.56758,12.57121,0.00,0.00
2016.04.11 19:15:10.030,12.56751,12.57121,0.00,0.00
2016.04.11 19:15:10.283,12.56751,12.571,0.00,0.00
2016.04.11 19:15:10.485,12.56751,12.5711,0.00,0.00
2016.04.11 19:15:10.787,12.56751,12.57121,0.00,0.00
2016.04.11 19:15:11.281,12.56751,12.57111,0.00,0.00
2016.04.11 19:15:11.633,12.56751,12.57121,0.00,0.00
2016.04.11 19:15:12.147,12.56751,12.5712,0.00,0.00
2016.04.11 19:15:12.685,12.56751,12.57121,0.00,0.00
2016.04.11 19:15:13.119,12.56801,12.57121,0.00,0.00
2016.04.11 19:15:13.241,12.56801,12.5714,0.00,0.00
2016.04.11 19:15:13.587,12.56849,12.57171,0.00,0.00
2016.04.11 19:15:14.151,12.5685,12.5717,0.00,0.00
2016.04.11 19:15:14.661,12.56851,12.57171,0.00,0.00
2016.04.11 19:15:15.151,12.56858,12.5717,0.00,0.00
2016.04.11 19:15:15.201,12.56858,12.57211,0.00,0.00
2016.04.11 19:15:15.755,12.56858,12.5721,0.00,0.00
2016.04.11 19:15:16.303,12.56859,12.57211,0.00,0.00
2016.04.11 19:15:16.694,12.56851,12.57211,0.00,0.00
2016.04.11 19:15:18.260,12.56851,12.5721,0.00,0.00
2016.04.11 19:15:18.761,12.56851,12.57211,0.00,0.00
2016.04.11 19:15:20.765,12.56851,12.5721,0.00,0.00
2016.04.11 19:15:21.095,12.56858,12.57211,0.00,0.00
2016.04.11 19:15:21.216,12.56851,12.5721,0.00,0.00
2016.04.11 19:15:21.970,12.56851,12.57211,0.00,0.00
2016.04.11 19:15:22.603,12.56869,12.5721,0.00,0.00
2016.04.11 19:15:22.820,12.56851,12.5721,0.00,0.00
2016.04.11 19:15:23.338,12.56869,12.57211,0.00,0.00
2016.04.11 19:15:23.439,12.56859,12.57211,0.00,0.00
2016.04.11 19:15:23.952,12.56859,12.5721,0.00,0.00
2016.04.11 19:15:24.573,12.56859,12.57211,0.00,0.00
2016.04.11 19:15:25.273,12.56859,12.5721,0.00,0.00
2016.04.11 19:15:25.983,12.56859,12.57211,0.00,0.00
2016.04.11 19:15:26.592,12.56859,12.5721,0.00,0.00
2016.04.11 19:15:26.980,12.56868,12.57211,0.00,0.00
2016.04.11 19:15:27.631,12.56858,12.57211,0.00,0.00
2016.04.11 19:15:28.985,12.56858,12.5721,0.00,0.00
2016.04.11 19:15:29.486,12.56858,12.57211,0.00,0.00
2016.04.11 19:15:30.038,12.56878,12.57211,0.00,0.00
2016.04.11 19:15:30.139,12.56859,12.5721,0.00,0.00
2016.04.11 19:15:30.340,12.56851,12.5721,0.00,0.00
2016.04.11 19:15:30.391,12.5686,12.5721,0.00,0.00
2016.04.11 19:15:30.702,12.56868,12.57211,0.00,0.00
2016.04.11 19:15:30.936,12.56851,12.57211,0.00,0.00
2016.04.11 19:15:31.294,12.56869,12.57211,0.00,0.00
2016.04.11 19:15:31.394,12.56851,12.57211,0.00,0.00
2016.04.11 19:15:31.796,12.56869,12.5721,0.00,0.00
2016.04.11 19:15:32.497,12.56851,12.5721,0.00,0.00
2016.04.11 19:15:32.598,12.56858,12.5721,0.00,0.00
2016.04.11 19:15:32.699,12.56851,12.57211,0.00,0.00
2016.04.11 19:15:33.001,12.56868,12.5721,0.00,0.00
2016.04.11 19:15:33.182,12.56851,12.5721,0.00,0.00
2016.04.11 19:15:34.238,12.56851,12.57211,0.00,0.00
2016.04.11 19:15:34.419,12.56869,12.57211,0.00,0.00
2016.04.11 19:15:35.427,12.56869,12.5721,0.00,0.00
2016.04.11 19:15:35.780,12.56879,12.57211,0.00,0.00
2016.04.11 19:15:35.831,12.56851,12.57211,0.00,0.00
2016.04.11 19:15:35.932,12.56868,12.57211,0.00,0.00
2016.04.11 19:15:36.033,12.56859,12.57211,0.00,0.00
2016.04.11 19:15:36.122,12.56851,12.57211,0.00,0.00
2016.04.11 19:15:37.345,12.56859,12.57211,0.00,0.00
2016.04.11 19:15:38.167,12.56859,12.5721,0.00,0.00
2016.04.11 19:15:38.728,12.56859,12.57211,0.00,0.00
2016.04.11 19:15:39.059,12.56868,12.5721,0.00,0.00
2016.04.11 19:15:39.131,12.56851,12.5721,0.00,0.00
2016.04.11 19:15:39.232,12.56858,12.5721,0.00,0.00
2016.04.11 19:15:39.968,12.56869,12.5721,0.00,0.00
2016.04.11 19:15:40.477,12.56869,12.57211,0.00,0.00
2016.04.11 19:15:41.033,12.56869,12.5721,0.00,0.00
2016.04.11 19:15:41.534,12.56869,12.57211,0.00,0.00
2016.04.11 19:15:42.035,12.56869,12.5721,0.00,0.00
2016.04.11 19:15:43.999,12.56851,12.5721,0.00,0.00
2016.04.11 19:15:45.148,12.56851,12.57211,0.00,0.00
2016.04.11 19:15:46.545,12.56851,12.5721,0.00,0.00
2016.04.11 19:15:47.546,12.56851,12.57211,0.00,0.00
2016.04.11 19:15:49.052,12.56868,12.57211,0.00,0.00
2016.04.11 19:15:49.851,12.56851,12.5721,0.00,0.00
2016.04.11 19:15:50.652,12.56851,12.57211,0.00,0.00
2016.04.11 19:15:51.855,12.56851,12.5721,0.00,0.00
2016.04.11 19:15:52.356,12.56851,12.57211,0.00,0.00
2016.04.11 19:15:53.358,12.56851,12.5721,0.00,0.00
2016.04.11 19:15:53.859,12.56851,12.57211,0.00,0.00
2016.04.11 19:15:54.481,12.56858,12.57211,0.00,0.00
2016.04.11 19:15:54.826,12.5687,12.5721,0.00,0.00
2016.04.11 19:15:55.106,12.56868,12.5721,0.00,0.00
2016.04.11 19:15:55.766,12.56868,12.57211,0.00,0.00
2016.04.11 19:15:56.765,12.56868,12.5721,0.00,0.00
2016.04.11 19:15:57.266,12.56868,12.57211,0.00,0.00
2016.04.11 19:15:57.767,12.56868,12.5721,0.00,0.00
2016.04.11 19:15:58.018,12.56889,12.57211,0.00,0.00
2016.04.11 19:15:58.119,12.56869,12.57211,0.00,0.00
2016.04.11 19:15:59.272,12.56869,12.5721,0.00,0.00
2016.04.11 19:15:59.874,12.56869,12.57211,0.00,0.00
2016.04.11 19:16:00.389,12.56869,12.5721,0.00,0.00
2016.04.11 19:16:00.440,12.56879,12.5721,0.00,0.00
2016.04.11 19:16:00.677,12.56868,12.57211,0.00,0.00
2016.04.11 19:16:00.728,12.56889,12.57211,0.00,0.00
2016.04.11 19:16:00.821,12.56868,12.57211,0.00,0.00
2016.04.11 19:16:01.479,12.56868,12.5721,0.00,0.00
2016.04.11 19:16:02.481,12.56868,12.57211,0.00,0.00
2016.04.11 19:16:03.333,12.56889,12.57211,0.00,0.00
2016.04.11 19:16:03.434,12.56868,12.57211,0.00,0.00
2016.04.11 19:16:04.486,12.56868,12.5721,0.00,0.00
2016.04.11 19:16:05.006,12.56868,12.57211,0.00,0.00
2016.04.11 19:16:05.689,12.56868,12.5721,0.00,0.00
2016.04.11 19:16:06.277,12.56868,12.57211,0.00,0.00
2016.04.11 19:16:06.378,12.56878,12.57211,0.00,0.00
2016.04.11 19:16:06.430,12.56869,12.57211,0.00,0.00
2016.04.11 19:16:06.585,12.56851,12.57211,0.00,0.00
2016.04.11 19:16:06.635,12.56868,12.57211,0.00,0.00
2016.04.11 19:16:06.946,12.56851,12.5721,0.00,0.00
2016.04.11 19:16:07.493,12.56851,12.57211,0.00,0.00
2016.04.11 19:16:08.876,12.56858,12.57211,0.00,0.00
2016.04.11 19:16:10.224,12.56858,12.5721,0.00,0.00
2016.04.11 19:16:10.800,12.56858,12.57211,0.00,0.00
2016.04.11 19:16:11.566,12.56858,12.5721,0.00,0.00
2016.04.11 19:16:13.105,12.56858,12.57211,0.00,0.00
2016.04.11 19:16:14.410,12.56858,12.5721,0.00,0.00
2016.04.11 19:16:15.111,12.56858,12.57211,0.00,0.00
2016.04.11 19:16:15.563,12.56879,12.57211,0.00,0.00
2016.04.11 19:16:15.964,12.56888,12.57211,0.00,0.00
2016.04.11 19:16:16.165,12.56878,12.57211,0.00,0.00
2016.04.11 19:16:16.265,12.56869,12.57211,0.00,0.00
2016.04.11 19:16:16.465,12.56889,12.57211,0.00,0.00
2016.04.11 19:16:16.557,12.56878,12.57211,0.00,0.00
2016.04.11 19:16:17.619,12.56878,12.5721,0.00,0.00
2016.04.11 19:16:17.770,12.5686,12.5721,0.00,0.00
2016.04.11 19:16:17.821,12.5685,12.5721,0.00,0.00
2016.04.11 19:16:17.871,12.56868,12.5721,0.00,0.00
2016.04.11 19:16:17.972,12.5685,12.5721,0.00,0.00
2016.04.11 19:16:18.098,12.56868,12.5721,0.00,0.00
2016.04.11 19:16:18.622,12.56868,12.57211,0.00,0.00
2016.04.11 19:16:20.629,12.56868,12.5721,0.00,0.00
2016.04.11 19:16:21.131,12.56868,12.57211,0.00,0.00
2016.04.11 19:16:21.632,12.56869,12.57211,0.00,0.00
2016.04.11 19:16:22.140,12.56869,12.5721,0.00,0.00
2016.04.11 19:16:22.737,12.56869,12.57211,0.00,0.00
2016.04.11 19:16:23.641,12.56869,12.5721,0.00,0.00
2016.04.11 19:16:24.159,12.56869,12.57211,0.00,0.00
2016.04.11 19:16:25.353,12.56869,12.5721,0.00,0.00
2016.04.11 19:16:25.530,12.56858,12.57211,0.00,0.00
2016.04.11 19:16:25.597,12.56849,12.57211,0.00,0.00
2016.04.11 19:16:26.469,12.5685,12.5721,0.00,0.00
2016.04.11 19:16:26.850,12.56879,12.57211,0.00,0.00
2016.04.11 19:16:27.004,12.56859,12.57211,0.00,0.00
2016.04.11 19:16:27.055,12.56878,12.5721,0.00,0.00
2016.04.11 19:16:27.156,12.56868,12.5721,0.00,0.00
2016.04.11 19:16:27.208,12.56859,12.5721,0.00,0.00
2016.04.11 19:16:27.309,12.5685,12.5721,0.00,0.00
2016.04.11 19:16:27.410,12.56859,12.57211,0.00,0.00
2016.04.11 19:16:27.925,12.56859,12.5721,0.00,0.00
2016.04.11 19:16:28.632,12.56859,12.57211,0.00,0.00
2016.04.11 19:16:29.021,12.56849,12.57211,0.00,0.00
2016.04.11 19:16:30.523,12.56869,12.57211,0.00,0.00
2016.04.11 19:16:30.765,12.56859,12.5721,0.00,0.00
2016.04.11 19:16:31.468,12.56859,12.57211,0.00,0.00
2016.04.11 19:16:31.948,12.56869,12.57211,0.00,0.00
2016.04.11 19:16:33.174,12.56869,12.5721,0.00,0.00
2016.04.11 19:16:33.675,12.56869,12.57211,0.00,0.00
2016.04.11 19:16:34.178,12.56869,12.5721,0.00,0.00
2016.04.11 19:16:34.723,12.56869,12.57211,0.00,0.00
2016.04.11 19:16:35.280,12.56869,12.5721,0.00,0.00
2016.04.11 19:16:35.981,12.56869,12.57211,0.00,0.00
2016.04.11 19:16:37.185,12.56869,12.5721,0.00,0.00
2016.04.11 19:16:37.717,12.56869,12.57211,0.00,0.00
2016.04.11 19:16:37.836,12.56859,12.57211,0.00,0.00
2016.04.11 19:16:39.699,12.56859,12.5721,0.00,0.00
2016.04.11 19:16:40.309,12.56859,12.57211,0.00,0.00
2016.04.11 19:16:40.969,12.56859,12.5721,0.00,0.00
2016.04.11 19:16:42.195,12.56859,12.57211,0.00,0.00
2016.04.11 19:16:43.197,12.56859,12.5721,0.00,0.00
2016.04.11 19:16:44.700,12.56859,12.57211,0.00,0.00
2016.04.11 19:16:45.201,12.56859,12.5721,0.00,0.00
2016.04.11 19:16:45.702,12.56859,12.57211,0.00,0.00
2016.04.11 19:16:46.203,12.56859,12.5721,0.00,0.00
2016.04.11 19:16:46.704,12.56859,12.57211,0.00,0.00
2016.04.11 19:16:47.620,12.56859,12.5721,0.00,0.00
2016.04.11 19:16:47.671,12.56879,12.5721,0.00,0.00
2016.04.11 19:16:47.748,12.56858,12.5721,0.00,0.00
2016.04.11 19:16:47.857,12.56868,12.5721,0.00,0.00
2016.04.11 19:16:48.255,12.56879,12.5721,0.00,0.00
2016.04.11 19:16:48.356,12.56858,12.57211,0.00,0.00
2016.04.11 19:16:48.587,12.5685,12.5721,0.00,0.00
2016.04.11 19:16:48.738,12.56849,12.57171,0.00,0.00
2016.04.11 19:16:48.788,12.56838,12.57171,0.00,0.00
2016.04.11 19:16:49.093,12.56858,12.5717,0.00,0.00
2016.04.11 19:16:49.628,12.56858,12.57171,0.00,0.00
2016.04.11 19:16:49.678,12.56839,12.57171,0.00,0.00
2016.04.11 19:16:50.319,12.56838,12.57121,0.00,0.00
2016.04.11 19:16:50.369,12.56818,12.57121,0.00,0.00
2016.04.11 19:16:50.420,12.56829,12.57171,0.00,0.00
2016.04.11 19:16:50.753,12.56849,12.57171,0.00,0.00
2016.04.11 19:16:50.864,12.5683,12.5717,0.00,0.00
2016.04.11 19:16:51.501,12.56829,12.57171,0.00,0.00
2016.04.11 19:16:51.614,12.56851,12.57171,0.00,0.00
2016.04.11 19:16:52.218,12.56851,12.5717,0.00,0.00
2016.04.11 19:16:52.818,12.56851,12.57171,0.00,0.00
2016.04.11 19:16:53.319,12.56851,12.5717,0.00,0.00
2016.04.11 19:16:53.920,12.56851,12.57171,0.00,0.00
2016.04.11 19:16:54.822,12.56851,12.5717,0.00,0.00
2016.04.11 19:16:56.026,12.56851,12.57171,0.00,0.00
2016.04.11 19:16:56.927,12.56851,12.5717,0.00,0.00
