2015.01.07 21:00:00.202,12.12201,12.12521,0.00,0.00
2015.01.07 21:00:01.229,12.12201,12.1252,0.00,0.00
2015.01.07 21:00:01.334,12.12201,12.12543,0.00,0.00
2015.01.07 21:00:01.491,12.12304,12.12612,0.00,0.00
2015.01.07 21:00:01.954,12.12339,12.12651,0.00,0.00
2015.01.07 21:00:02.071,12.12314,12.12621,0.00,0.00
2015.01.07 21:00:02.154,12.12289,12.12621,0.00,0.00
2015.01.07 21:00:02.772,12.12265,12.12607,0.00,0.00
2015.01.07 21:00:02.872,12.1224,12.12582,0.00,0.00
2015.01.07 21:00:04.159,12.1224,12.12581,0.00,0.00
2015.01.07 21:00:04.259,12.1221,12.12552,0.00,0.00
2015.01.07 21:00:04.460,12.12229,12.12573,0.00,0.00
2015.01.07 21:00:04.886,12.12245,12.12587,0.00,0.00
2015.01.07 21:00:06.248,12.12229,12.12573,0.00,0.00
2015.01.07 21:00:07.887,12.12249,12.12593,0.00,0.00
2015.01.07 21:00:08.378,12.12334,12.12671,0.00,0.00
2015.01.07 21:00:08.479,12.12334,12.12678,0.00,0.00
2015.01.07 21:00:14.373,12.12349,12.12693,0.00,0.00
2015.01.07 21:00:15.228,12.12362,12.12704,0.00,0.00
2015.01.07 21:00:21.718,12.12362,12.12621,0.00,0.00
2015.01.07 21:00:21.769,12.12301,12.12621,0.00,0.00
2015.01.07 21:00:24.294,12.12281,12.1262,0.00,0.00
2015.01.07 21:00:25.143,12.12267,12.12609,0.00,0.00
2015.01.07 21:00:25.243,12.12241,12.12585,0.00,0.00
2015.01.07 21:00:26.445,12.12227,12.12569,0.00,0.00
2015.01.07 21:00:29.586,12.12241,12.12585,0.00,0.00
2015.01.07 21:00:34.558,12.12226,12.1257,0.00,0.00
2015.01.07 21:00:34.862,12.12211,12.12555,0.00,0.00
2015.01.07 21:00:35.165,12.12231,12.12575,0.00,0.00
2015.01.07 21:00:35.470,12.12247,12.12589,0.00,0.00
2015.01.07 21:00:42.294,12.12211,12.12555,0.00,0.00
2015.01.07 21:00:42.796,12.12182,12.12482,0.00,0.00
2015.01.07 21:00:42.896,12.12147,12.12482,0.00,0.00
2015.01.07 21:00:44.406,12.12147,12.12471,0.00,0.00
2015.01.07 21:00:44.473,12.12126,12.1247,0.00,0.00
2015.01.07 21:00:45.104,12.12126,12.12382,0.00,0.00
2015.01.07 21:00:45.305,12.1194,12.12281,0.00,0.00
2015.01.07 21:00:46.747,12.1194,12.12271,0.00,0.00
2015.01.07 21:00:46.797,12.11921,12.12263,0.00,0.00
2015.01.07 21:00:50.612,12.11933,12.1227,0.00,0.00
2015.01.07 21:00:50.663,12.11983,12.12321,0.00,0.00
2015.01.07 21:00:51.261,12.11983,12.1232,0.00,0.00
2015.01.07 21:00:51.836,12.11983,12.12321,0.00,0.00
2015.01.07 21:00:53.066,12.11983,12.12325,0.00,0.00
2015.01.07 21:00:53.166,12.12082,12.12426,0.00,0.00
2015.01.07 21:00:54.128,12.12147,12.12491,0.00,0.00
2015.01.07 21:01:00.130,12.12167,12.12511,0.00,0.00
2015.01.07 21:01:00.589,12.12148,12.1249,0.00,0.00
2015.01.07 21:01:02.010,12.12057,12.12401,0.00,0.00
2015.01.07 21:01:02.300,12.12102,12.12446,0.00,0.00
2015.01.07 21:01:03.847,12.12127,12.12471,0.00,0.00
2015.01.07 21:01:05.916,12.12144,12.12482,0.00,0.00
2015.01.07 21:01:06.654,12.12144,12.12486,0.00,0.00
2015.01.07 21:01:08.214,12.12153,12.12497,0.00,0.00
2015.01.07 21:01:08.315,12.12243,12.12581,0.00,0.00
2015.01.07 21:01:08.415,12.12213,12.12557,0.00,0.00
2015.01.07 21:01:08.718,12.12189,12.12531,0.00,0.00
2015.01.07 21:01:09.213,12.12174,12.12516,0.00,0.00
2015.01.07 21:01:09.319,12.12188,12.12532,0.00,0.00
2015.01.07 21:01:12.292,12.12188,12.12481,0.00,0.00
2015.01.07 21:01:12.342,12.12098,12.12421,0.00,0.00
2015.01.07 21:01:16.721,12.12098,12.1242,0.00,0.00
2015.01.07 21:01:17.802,12.12098,12.12421,0.00,0.00
2015.01.07 21:01:18.325,12.12098,12.1242,0.00,0.00
2015.01.07 21:01:19.639,12.12098,12.12421,0.00,0.00
2015.01.07 21:01:22.071,12.12098,12.1242,0.00,0.00
2015.01.07 21:01:22.835,12.12098,12.12421,0.00,0.00
2015.01.07 21:01:23.757,12.12053,12.12397,0.00,0.00
2015.01.07 21:01:31.971,12.12034,12.12376,0.00,0.00
2015.01.07 21:01:32.071,12.12018,12.12362,0.00,0.00
2015.01.07 21:01:37.802,12.12059,12.12371,0.00,0.00
2015.01.07 21:01:37.853,12.12059,12.12401,0.00,0.00
2015.01.07 21:01:37.903,12.12088,12.1242,0.00,0.00
2015.01.07 21:01:39.630,12.12088,12.12421,0.00,0.00
2015.01.07 21:01:39.731,12.12103,12.12447,0.00,0.00
2015.01.07 21:01:39.781,12.12143,12.12487,0.00,0.00
2015.01.07 21:01:48.016,12.12143,12.12482,0.00,0.00
2015.01.07 21:01:48.117,12.12093,12.12437,0.00,0.00
2015.01.07 21:01:48.218,12.12069,12.12411,0.00,0.00
2015.01.07 21:01:53.188,12.12088,12.12432,0.00,0.00
2015.01.07 21:02:07.848,12.12074,12.12416,0.00,0.00
2015.01.07 21:02:19.528,12.12089,12.12431,0.00,0.00
2015.01.07 21:02:20.004,12.12104,12.12446,0.00,0.00
2015.01.07 21:02:24.624,12.12179,12.12521,0.00,0.00
2015.01.07 21:02:25.165,12.12263,12.12607,0.00,0.00
2015.01.07 21:02:25.421,12.12238,12.12582,0.00,0.00
2015.01.07 21:02:25.843,12.12294,12.12621,0.00,0.00
2015.01.07 21:02:28.241,12.12294,12.1262,0.00,0.00
2015.01.07 21:02:28.392,12.12334,12.12676,0.00,0.00
2015.01.07 21:02:35.450,12.12323,12.12665,0.00,0.00
2015.01.07 21:02:41.595,12.12305,12.12649,0.00,0.00
2015.01.07 21:02:51.588,12.12343,12.12687,0.00,0.00
2015.01.07 21:02:52.462,12.12364,12.12706,0.00,0.00
2015.01.07 21:02:54.382,12.12369,12.12711,0.00,0.00
2015.01.07 21:02:56.209,12.12383,12.12727,0.00,0.00
2015.01.07 21:02:56.469,12.12372,12.12714,0.00,0.00
2015.01.07 21:02:57.303,12.12393,12.12737,0.00,0.00
2015.01.07 21:03:17.301,12.12389,12.12731,0.00,0.00
2015.01.07 21:03:25.449,12.12366,12.1271,0.00,0.00
2015.01.07 21:03:28.030,12.12373,12.12717,0.00,0.00
2015.01.07 21:03:33.041,12.12233,12.12571,0.00,0.00
2015.01.07 21:03:33.142,12.12219,12.12561,0.00,0.00
2015.01.07 21:03:33.522,12.12234,12.12576,0.00,0.00
2015.01.07 21:03:33.861,12.12264,12.12606,0.00,0.00
2015.01.07 21:03:33.961,12.12328,12.12672,0.00,0.00
2015.01.07 21:03:38.875,12.12369,12.12711,0.00,0.00
2015.01.07 21:03:39.310,12.12324,12.12666,0.00,0.00
2015.01.07 21:03:39.361,12.12338,12.12682,0.00,0.00
2015.01.07 21:03:39.461,12.12326,12.1267,0.00,0.00
2015.01.07 21:03:45.147,12.12358,12.12702,0.00,0.00
2015.01.07 21:03:50.146,12.12389,12.12721,0.00,0.00
2015.01.07 21:03:50.746,12.12389,12.1272,0.00,0.00
2015.01.07 21:03:51.549,12.12377,12.12719,0.00,0.00
2015.01.07 21:03:51.681,12.1236,12.12702,0.00,0.00
2015.01.07 21:03:54.264,12.12398,12.12742,0.00,0.00
2015.01.07 21:03:54.554,12.1238,12.12722,0.00,0.00
2015.01.07 21:03:54.884,12.12399,12.12741,0.00,0.00
2015.01.07 21:03:59.059,12.1238,12.12722,0.00,0.00
2015.01.07 21:04:06.268,12.12391,12.12735,0.00,0.00
2015.01.07 21:04:07.427,12.12413,12.12757,0.00,0.00
2015.01.07 21:04:09.973,12.12394,12.12738,0.00,0.00
2015.01.07 21:04:10.399,12.12406,12.1275,0.00,0.00
2015.01.07 21:04:11.575,12.12394,12.12736,0.00,0.00
2015.01.07 21:04:12.020,12.12372,12.12716,0.00,0.00
2015.01.07 21:04:12.576,12.12388,12.12722,0.00,0.00
2015.01.07 21:04:30.570,12.12388,12.12732,0.00,0.00
2015.01.07 21:04:30.620,12.12423,12.12767,0.00,0.00
2015.01.07 21:04:30.954,12.12443,12.12782,0.00,0.00
2015.01.07 21:04:32.103,12.12457,12.12782,0.00,0.00
2015.01.07 21:04:41.239,12.12457,12.12801,0.00,0.00
2015.01.07 21:04:44.026,12.12472,12.12816,0.00,0.00
2015.01.07 21:04:44.527,12.12502,12.12821,0.00,0.00
2015.01.07 21:04:45.061,12.12502,12.1282,0.00,0.00
2015.01.07 21:04:46.731,12.12437,12.12771,0.00,0.00
2015.01.07 21:04:47.032,12.12452,12.12771,0.00,0.00
2015.01.07 21:04:47.133,12.12452,12.12796,0.00,0.00
2015.01.07 21:04:55.289,12.12452,12.12781,0.00,0.00
2015.01.07 21:05:07.258,12.12457,12.12781,0.00,0.00
2015.01.07 21:05:27.379,12.12454,12.12781,0.00,0.00
2015.01.07 21:05:30.286,12.12424,12.12721,0.00,0.00
2015.01.07 21:05:32.185,12.12424,12.1272,0.00,0.00
2015.01.07 21:05:34.069,12.12424,12.12721,0.00,0.00
2015.01.07 21:05:35.941,12.12424,12.1272,0.00,0.00
2015.01.07 21:05:38.506,12.12424,12.12721,0.00,0.00
2015.01.07 21:05:42.838,12.12429,12.12721,0.00,0.00
2015.01.07 21:05:45.477,12.12429,12.1272,0.00,0.00
2015.01.07 21:05:47.303,12.12429,12.12721,0.00,0.00
2015.01.07 21:05:49.224,12.12429,12.1272,0.00,0.00
2015.01.07 21:05:51.540,12.12429,12.12721,0.00,0.00
2015.01.07 21:05:53.067,12.12429,12.1272,0.00,0.00
2015.01.07 21:05:56.749,12.12454,12.12821,0.00,0.00
2015.01.07 21:05:56.849,12.1252,12.12821,0.00,0.00
2015.01.07 21:06:06.428,12.1252,12.1282,0.00,0.00
2015.01.07 21:06:08.147,12.1252,12.12821,0.00,0.00
2015.01.07 21:06:10.061,12.1252,12.1282,0.00,0.00
2015.01.07 21:06:10.668,12.1252,12.12821,0.00,0.00
2015.01.07 21:06:13.446,12.12589,12.12921,0.00,0.00
2015.01.07 21:06:13.664,12.12609,12.12921,0.00,0.00
2015.01.07 21:06:16.657,12.12609,12.1292,0.00,0.00
2015.01.07 21:06:17.834,12.12609,12.12921,0.00,0.00
2015.01.07 21:06:20.529,12.12609,12.1292,0.00,0.00
2015.01.07 21:06:21.096,12.12609,12.12921,0.00,0.00
2015.01.07 21:06:22.429,12.12609,12.1292,0.00,0.00
2015.01.07 21:06:24.336,12.12609,12.12921,0.00,0.00
2015.01.07 21:06:29.532,12.12609,12.1292,0.00,0.00
2015.01.07 21:06:31.940,12.12609,12.12921,0.00,0.00
2015.01.07 21:06:33.856,12.12609,12.1292,0.00,0.00
2015.01.07 21:06:34.293,12.1262,12.1292,0.00,0.00
2015.01.07 21:06:34.859,12.1262,12.12921,0.00,0.00
2015.01.07 21:06:35.782,12.1262,12.1292,0.00,0.00
2015.01.07 21:06:37.621,12.1262,12.12921,0.00,0.00
2015.01.07 21:06:41.393,12.1262,12.1292,0.00,0.00
2015.01.07 21:06:41.925,12.1262,12.12921,0.00,0.00
2015.01.07 21:06:42.506,12.12619,12.12921,0.00,0.00
2015.01.07 21:06:43.117,12.12619,12.1292,0.00,0.00
2015.01.07 21:06:44.172,12.12619,12.12921,0.00,0.00
2015.01.07 21:06:47.328,12.12619,12.1292,0.00,0.00
2015.01.07 21:06:49.008,12.12619,12.12921,0.00,0.00
2015.01.07 21:06:49.740,12.12619,12.1292,0.00,0.00
2015.01.07 21:06:54.780,12.12619,12.12921,0.00,0.00
2015.01.07 21:07:10.363,12.12619,12.1292,0.00,0.00
2015.01.07 21:07:11.843,12.12619,12.12921,0.00,0.00
2015.01.07 21:07:13.771,12.12619,12.1292,0.00,0.00
2015.01.07 21:07:14.705,12.12619,12.12921,0.00,0.00
2015.01.07 21:07:15.696,12.12619,12.1292,0.00,0.00
2015.01.07 21:07:17.445,12.12619,12.12988,0.00,0.00
2015.01.07 21:07:17.496,12.12719,12.1302,0.00,0.00
2015.01.07 21:07:18.019,12.12719,12.13021,0.00,0.00
2015.01.07 21:07:18.335,12.12719,12.13082,0.00,0.00
2015.01.07 21:07:18.385,12.12749,12.13082,0.00,0.00
2015.01.07 21:07:19.004,12.12954,12.13082,0.00,0.00
2015.01.07 21:07:19.055,12.13049,12.13222,0.00,0.00
2015.01.07 21:07:19.241,12.12954,12.13222,0.00,0.00
2015.01.07 21:07:19.292,12.12951,12.13222,0.00,0.00
2015.01.07 21:07:19.392,12.1305,12.13222,0.00,0.00
2015.01.07 21:07:19.450,12.1294,12.13222,0.00,0.00
2015.01.07 21:07:19.500,12.12981,12.13222,0.00,0.00
2015.01.07 21:07:21.759,12.12963,12.13222,0.00,0.00
2015.01.07 21:07:21.959,12.12975,12.13222,0.00,0.00
2015.01.07 21:07:24.482,12.12975,12.13282,0.00,0.00
2015.01.07 21:07:24.583,12.12952,12.13282,0.00,0.00
2015.01.07 21:07:24.764,12.12936,12.13278,0.00,0.00
2015.01.07 21:07:24.964,12.12949,12.13282,0.00,0.00
2015.01.07 21:07:29.867,12.12949,12.13171,0.00,0.00
2015.01.07 21:07:29.917,12.12933,12.13171,0.00,0.00
2015.01.07 21:07:30.018,12.12832,12.1317,0.00,0.00
2015.01.07 21:07:30.290,12.12942,12.1317,0.00,0.00
2015.01.07 21:07:30.341,12.12942,12.13284,0.00,0.00
2015.01.07 21:07:30.990,12.12951,12.13295,0.00,0.00
2015.01.07 21:07:31.091,12.1297,12.13314,0.00,0.00
2015.01.07 21:07:31.460,12.12981,12.13325,0.00,0.00
2015.01.07 21:07:34.267,12.12981,12.13281,0.00,0.00
2015.01.07 21:07:34.318,12.12965,12.13271,0.00,0.00
2015.01.07 21:07:34.379,12.12917,12.13261,0.00,0.00
2015.01.07 21:07:37.369,12.12917,12.13172,0.00,0.00
2015.01.07 21:07:37.420,12.12846,12.13172,0.00,0.00
2015.01.07 21:07:38.117,12.12846,12.13188,0.00,0.00
2015.01.07 21:07:38.218,12.12861,12.13205,0.00,0.00
2015.01.07 21:07:38.319,12.12881,12.13222,0.00,0.00
2015.01.07 21:07:48.567,12.12881,12.13225,0.00,0.00
2015.01.07 21:07:49.941,12.12895,12.13237,0.00,0.00
2015.01.07 21:08:19.476,12.12928,12.13272,0.00,0.00
2015.01.07 21:08:19.577,12.13008,12.13352,0.00,0.00
2015.01.07 21:08:19.973,12.13039,12.13381,0.00,0.00
2015.01.07 21:08:20.074,12.13078,12.13422,0.00,0.00
2015.01.07 21:08:20.638,12.13062,12.13406,0.00,0.00
2015.01.07 21:08:21.344,12.13079,12.13421,0.00,0.00
2015.01.07 21:08:21.552,12.13113,12.13457,0.00,0.00
2015.01.07 21:08:26.581,12.13101,12.13445,0.00,0.00
2015.01.07 21:08:28.152,12.13119,12.13461,0.00,0.00
2015.01.07 21:08:32.974,12.13133,12.13477,0.00,0.00
2015.01.07 21:08:33.075,12.13105,12.13449,0.00,0.00
2015.01.07 21:08:33.464,12.13117,12.13461,0.00,0.00
2015.01.07 21:08:33.879,12.13179,12.13521,0.00,0.00
2015.01.07 21:08:33.980,12.13113,12.13457,0.00,0.00
2015.01.07 21:08:41.797,12.13102,12.13444,0.00,0.00
2015.01.07 21:08:42.700,12.13118,12.13462,0.00,0.00
2015.01.07 21:08:45.191,12.13168,12.13512,0.00,0.00
2015.01.07 21:08:47.452,12.13168,12.13482,0.00,0.00
2015.01.07 21:08:47.502,12.13121,12.13465,0.00,0.00
2015.01.07 21:08:47.889,12.13139,12.13481,0.00,0.00
2015.01.07 21:08:48.726,12.13171,12.13513,0.00,0.00
2015.01.07 21:08:48.827,12.1319,12.13534,0.00,0.00
2015.01.07 21:08:52.777,12.1322,12.13564,0.00,0.00
2015.01.07 21:08:56.206,12.13248,12.13592,0.00,0.00
2015.01.07 21:08:57.206,12.13248,12.13582,0.00,0.00
2015.01.07 21:08:57.306,12.13215,12.13559,0.00,0.00
2015.01.07 21:08:57.412,12.13197,12.13539,0.00,0.00
2015.01.07 21:08:58.516,12.13224,12.13568,0.00,0.00
2015.01.07 21:08:58.568,12.13249,12.13593,0.00,0.00
2015.01.07 21:08:59.769,12.13237,12.13581,0.00,0.00
2015.01.07 21:09:00.393,12.13216,12.1356,0.00,0.00
2015.01.07 21:09:00.771,12.13202,12.13546,0.00,0.00
2015.01.07 21:09:01.121,12.1318,12.13524,0.00,0.00
2015.01.07 21:09:01.481,12.13159,12.13503,0.00,0.00
2015.01.07 21:09:02.916,12.13148,12.13492,0.00,0.00
2015.01.07 21:09:03.346,12.13164,12.13508,0.00,0.00
2015.01.07 21:09:04.612,12.1315,12.13494,0.00,0.00
2015.01.07 21:09:05.907,12.13164,12.13508,0.00,0.00
2015.01.07 21:09:08.970,12.1315,12.13494,0.00,0.00
2015.01.07 21:09:09.892,12.13163,12.13505,0.00,0.00
2015.01.07 21:09:18.724,12.1322,12.13564,0.00,0.00
2015.01.07 21:09:19.126,12.13203,12.13545,0.00,0.00
2015.01.07 21:09:19.227,12.13215,12.13559,0.00,0.00
2015.01.07 21:09:27.045,12.13204,12.13546,0.00,0.00
2015.01.07 21:09:28.421,12.1311,12.13454,0.00,0.00
2015.01.07 21:09:38.525,12.1316,12.13504,0.00,0.00
2015.01.07 21:09:48.634,12.13176,12.13518,0.00,0.00
2015.01.07 21:09:48.735,12.13217,12.13561,0.00,0.00
2015.01.07 21:09:49.657,12.13237,12.13581,0.00,0.00
2015.01.07 21:09:51.538,12.13258,12.136,0.00,0.00
2015.01.07 21:09:58.795,12.13247,12.13589,0.00,0.00
2015.01.07 21:10:01.225,12.13175,12.13517,0.00,0.00
2015.01.07 21:10:01.526,12.13175,12.13471,0.00,0.00
2015.01.07 21:10:01.577,12.13107,12.13449,0.00,0.00
2015.01.07 21:10:07.383,12.13138,12.1348,0.00,0.00
2015.01.07 21:10:07.496,12.13157,12.13501,0.00,0.00
2015.01.07 21:10:59.736,12.13192,12.13531,0.00,0.00
2015.01.07 21:10:59.837,12.13192,12.13536,0.00,0.00
2015.01.07 21:11:06.918,12.13107,12.13451,0.00,0.00
2015.01.07 21:11:18.964,12.13107,12.13432,0.00,0.00
2015.01.07 21:11:19.079,12.13027,12.13371,0.00,0.00
2015.01.07 21:11:20.007,12.13092,12.13436,0.00,0.00
2015.01.07 21:11:25.978,12.13067,12.13411,0.00,0.00
2015.01.07 21:11:29.225,12.13052,12.13396,0.00,0.00
2015.01.07 21:11:46.001,12.13088,12.1343,0.00,0.00
2015.01.07 21:11:46.316,12.13148,12.1349,0.00,0.00
2015.01.07 21:11:55.057,12.13163,12.13505,0.00,0.00
2015.01.07 21:11:55.318,12.13192,12.13536,0.00,0.00
2015.01.07 21:11:59.723,12.13177,12.13521,0.00,0.00
2015.01.07 21:12:00.331,12.13157,12.13501,0.00,0.00
2015.01.07 21:12:00.763,12.13157,12.13481,0.00,0.00
2015.01.07 21:12:00.864,12.13132,12.13476,0.00,0.00
2015.01.07 21:12:00.964,12.13107,12.13451,0.00,0.00
2015.01.07 21:12:02.044,12.13127,12.13471,0.00,0.00
2015.01.07 21:12:06.533,12.13148,12.13481,0.00,0.00
2015.01.07 21:12:06.633,12.13172,12.13516,0.00,0.00
2015.01.07 21:12:07.884,12.13183,12.13525,0.00,0.00
2015.01.07 21:12:08.754,12.13107,12.13451,0.00,0.00
2015.01.07 21:12:09.866,12.13123,12.13465,0.00,0.00
2015.01.07 21:12:10.238,12.13178,12.1352,0.00,0.00
2015.01.07 21:12:16.582,12.13192,12.13536,0.00,0.00
2015.01.07 21:12:22.655,12.13179,12.13523,0.00,0.00
2015.01.07 21:12:23.087,12.13167,12.13511,0.00,0.00
2015.01.07 21:12:27.542,12.13167,12.13482,0.00,0.00
2015.01.07 21:12:27.592,12.13127,12.13471,0.00,0.00
2015.01.07 21:12:28.936,12.13127,12.13432,0.00,0.00
2015.01.07 21:12:28.986,12.13003,12.13345,0.00,0.00
2015.01.07 21:12:29.087,12.12958,12.133,0.00,0.00
2015.01.07 21:12:32.896,12.12982,12.13326,0.00,0.00
2015.01.07 21:12:38.977,12.12973,12.13315,0.00,0.00
2015.01.07 21:12:39.341,12.12943,12.13285,0.00,0.00
2015.01.07 21:12:44.392,12.12992,12.13336,0.00,0.00
2015.01.07 21:12:49.721,12.13008,12.1335,0.00,0.00
2015.01.07 21:12:49.822,12.13032,12.13376,0.00,0.00
2015.01.07 21:12:50.203,12.13063,12.13405,0.00,0.00
2015.01.07 21:12:50.613,12.13128,12.1347,0.00,0.00
2015.01.07 21:13:00.944,12.13142,12.13486,0.00,0.00
2015.01.07 21:13:21.347,12.13152,12.13496,0.00,0.00
2015.01.07 21:13:41.280,12.13158,12.135,0.00,0.00
2015.01.07 21:14:09.354,12.13158,12.13482,0.00,0.00
2015.01.07 21:14:09.461,12.13158,12.135,0.00,0.00
2015.01.07 21:14:22.179,12.13192,12.13536,0.00,0.00
2015.01.07 21:14:22.581,12.13212,12.13556,0.00,0.00
2015.01.07 21:14:22.892,12.13292,12.13636,0.00,0.00
2015.01.07 21:14:23.803,12.13278,12.1362,0.00,0.00
2015.01.07 21:14:24.948,12.13298,12.1364,0.00,0.00
2015.01.07 21:14:41.461,12.13307,12.13651,0.00,0.00
2015.01.07 21:14:41.511,12.13322,12.13666,0.00,0.00
2015.01.07 21:14:41.961,12.13357,12.13701,0.00,0.00
2015.01.07 21:14:42.285,12.13338,12.1368,0.00,0.00
2015.01.07 21:14:47.320,12.13326,12.1367,0.00,0.00
2015.01.07 21:14:54.045,12.13357,12.13701,0.00,0.00
2015.01.07 21:14:54.755,12.13338,12.13682,0.00,0.00
2015.01.07 21:15:00.990,12.13388,12.1373,0.00,0.00
2015.01.07 21:15:01.291,12.13408,12.1375,0.00,0.00
2015.01.07 21:15:01.640,12.13449,12.13791,0.00,0.00
2015.01.07 21:15:19.500,12.13427,12.13771,0.00,0.00
2015.01.07 21:15:19.600,12.134,12.13742,0.00,0.00
2015.01.07 21:15:20.960,12.134,12.13722,0.00,0.00
2015.01.07 21:15:21.011,12.13349,12.13693,0.00,0.00
2015.01.07 21:15:21.485,12.13338,12.1368,0.00,0.00
2015.01.07 21:15:21.586,12.13317,12.13661,0.00,0.00
2015.01.07 21:15:24.394,12.13297,12.13641,0.00,0.00
2015.01.07 21:15:25.955,12.13258,12.136,0.00,0.00
2015.01.07 21:15:30.396,12.13292,12.13631,0.00,0.00
2015.01.07 21:15:30.447,12.13292,12.13636,0.00,0.00
2015.01.07 21:16:12.314,12.13297,12.13641,0.00,0.00
2015.01.07 21:16:16.128,12.13297,12.13632,0.00,0.00
2015.01.07 21:16:16.229,12.13207,12.13551,0.00,0.00
2015.01.07 21:16:26.009,12.13207,12.13532,0.00,0.00
2015.01.07 21:16:26.160,12.13107,12.13451,0.00,0.00
2015.01.07 21:16:55.488,12.13107,12.13432,0.00,0.00
2015.01.07 21:16:55.639,12.12892,12.13236,0.00,0.00
2015.01.07 21:16:55.905,12.12858,12.132,0.00,0.00
2015.01.07 21:17:07.054,12.12812,12.13221,0.00,0.00
2015.01.07 21:17:09.367,12.12812,12.13256,0.00,0.00
2015.01.07 21:17:11.244,12.12812,12.13221,0.00,0.00
2015.01.07 21:17:12.098,12.12812,12.13256,0.00,0.00
2015.01.07 21:17:12.149,12.12832,12.13271,0.00,0.00
2015.01.07 21:17:14.042,12.12832,12.1327,0.00,0.00
2015.01.07 21:17:15.971,12.12832,12.13271,0.00,0.00
2015.01.07 21:17:21.712,12.12832,12.1327,0.00,0.00
2015.01.07 21:17:27.361,12.12832,12.13271,0.00,0.00
2015.01.07 21:17:29.298,12.12832,12.1327,0.00,0.00
2015.01.07 21:17:31.236,12.12832,12.13271,0.00,0.00
2015.01.07 21:17:32.352,12.12822,12.13266,0.00,0.00
2015.01.07 21:17:44.088,12.12848,12.1327,0.00,0.00
2015.01.07 21:17:44.752,12.12848,12.13271,0.00,0.00
2015.01.07 21:17:45.530,12.12848,12.1327,0.00,0.00
2015.01.07 21:17:46.452,12.12848,12.13271,0.00,0.00
2015.01.07 21:17:47.346,12.12848,12.1327,0.00,0.00
2015.01.07 21:17:49.261,12.12848,12.13271,0.00,0.00
2015.01.07 21:17:50.272,12.12848,12.1327,0.00,0.00
2015.01.07 21:17:51.178,12.12848,12.13271,0.00,0.00
2015.01.07 21:17:55.020,12.12848,12.1327,0.00,0.00
2015.01.07 21:17:58.899,12.12848,12.13271,0.00,0.00
2015.01.07 21:18:04.301,12.12858,12.13271,0.00,0.00
2015.01.07 21:18:10.291,12.12858,12.1327,0.00,0.00
2015.01.07 21:18:14.016,12.12858,12.13271,0.00,0.00
2015.01.07 21:18:15.933,12.12858,12.1327,0.00,0.00
2015.01.07 21:18:21.579,12.12858,12.13271,0.00,0.00
2015.01.07 21:18:27.334,12.12858,12.1327,0.00,0.00
2015.01.07 21:18:33.012,12.12858,12.13271,0.00,0.00
2015.01.07 21:18:38.757,12.12858,12.1327,0.00,0.00
2015.01.07 21:18:40.593,12.12858,12.13271,0.00,0.00
2015.01.07 21:18:42.517,12.12858,12.1327,0.00,0.00
2015.01.07 21:18:44.700,12.12858,12.13271,0.00,0.00
2015.01.07 21:18:49.001,12.12858,12.133,0.00,0.00
2015.01.07 21:18:49.102,12.12878,12.1332,0.00,0.00
2015.01.07 21:19:09.292,12.12872,12.13316,0.00,0.00
2015.01.07 21:19:13.722,12.12902,12.13331,0.00,0.00
2015.01.07 21:19:31.383,12.12902,12.13321,0.00,0.00
2015.01.07 21:19:31.434,12.12873,12.13315,0.00,0.00
2015.01.07 21:19:31.485,12.12873,12.13281,0.00,0.00
2015.01.07 21:19:42.809,12.12873,12.13315,0.00,0.00
2015.01.07 21:19:42.860,12.12952,12.13294,0.00,0.00
2015.01.07 21:19:43.286,12.12967,12.13309,0.00,0.00
2015.01.07 21:19:43.557,12.12806,12.1315,0.00,0.00
2015.01.07 21:19:43.713,12.12806,12.13132,0.00,0.00
2015.01.07 21:19:43.879,12.12786,12.1313,0.00,0.00
2015.01.07 21:19:44.791,12.12837,12.13179,0.00,0.00
2015.01.07 21:19:56.008,12.12812,12.13132,0.00,0.00
2015.01.07 21:19:57.244,12.12812,12.13082,0.00,0.00
2015.01.07 21:19:57.294,12.12756,12.13082,0.00,0.00
2015.01.07 21:19:57.345,12.12756,12.131,0.00,0.00
2015.01.07 21:20:15.094,12.12742,12.13084,0.00,0.00
2015.01.07 21:20:15.654,12.12741,12.13085,0.00,0.00
2015.01.07 21:20:48.453,12.12752,12.13094,0.00,0.00
2015.01.07 21:20:50.747,12.12752,12.1309,0.00,0.00
2015.01.07 21:20:50.798,12.12727,12.13069,0.00,0.00
2015.01.07 21:20:50.848,12.12727,12.1301,0.00,0.00
2015.01.07 21:20:50.949,12.12606,12.12908,0.00,0.00
2015.01.07 21:20:51.449,12.12624,12.12908,0.00,0.00
2015.01.07 21:20:51.550,12.12574,12.12908,0.00,0.00
2015.01.07 21:20:51.601,12.12574,12.12868,0.00,0.00
2015.01.07 21:20:52.160,12.12555,12.12868,0.00,0.00
2015.01.07 21:20:55.296,12.12555,12.12897,0.00,0.00
2015.01.07 21:21:07.597,12.1259,12.12931,0.00,0.00
2015.01.07 21:21:08.169,12.1259,12.12932,0.00,0.00
2015.01.07 21:21:26.745,12.1259,12.12931,0.00,0.00
2015.01.07 21:21:26.846,12.12554,12.12898,0.00,0.00
2015.01.07 21:21:47.237,12.12549,12.12893,0.00,0.00
2015.01.07 21:21:52.145,12.1257,12.12912,0.00,0.00
2015.01.07 21:21:52.695,12.12624,12.12968,0.00,0.00
2015.01.07 21:21:52.796,12.12644,12.12988,0.00,0.00
2015.01.07 21:21:55.350,12.1266,12.13002,0.00,0.00
2015.01.07 21:21:55.995,12.12695,12.13037,0.00,0.00
2015.01.07 21:21:56.096,12.12734,12.13078,0.00,0.00
2015.01.07 21:21:56.582,12.12714,12.13058,0.00,0.00
2015.01.07 21:21:56.888,12.12744,12.13088,0.00,0.00
2015.01.07 21:21:57.344,12.12764,12.13108,0.00,0.00
2015.01.07 21:21:57.779,12.1274,12.1297,0.00,0.00
2015.01.07 21:21:57.903,12.126,12.12942,0.00,0.00
2015.01.07 21:21:59.685,12.1262,12.12962,0.00,0.00
2015.01.07 21:21:59.785,12.12639,12.12983,0.00,0.00
2015.01.07 21:22:12.377,12.126,12.12942,0.00,0.00
2015.01.07 21:22:12.478,12.12524,12.12868,0.00,0.00
2015.01.07 21:22:13.790,12.1251,12.12852,0.00,0.00
2015.01.07 21:22:34.331,12.12504,12.12848,0.00,0.00
2015.01.07 21:22:37.643,12.12504,12.12771,0.00,0.00
2015.01.07 21:22:37.743,12.12404,12.12748,0.00,0.00
2015.01.07 21:22:45.064,12.12404,12.12722,0.00,0.00
2015.01.07 21:22:45.165,12.12345,12.12687,0.00,0.00
2015.01.07 21:22:45.626,12.12314,12.12658,0.00,0.00
2015.01.07 21:22:48.046,12.12314,12.12631,0.00,0.00
2015.01.07 21:22:48.147,12.12207,12.12631,0.00,0.00
2015.01.07 21:22:50.456,12.12237,12.12631,0.00,0.00
2015.01.07 21:22:50.607,12.12237,12.12681,0.00,0.00
2015.01.07 21:23:11.262,12.12252,12.12682,0.00,0.00
2015.01.07 21:23:23.023,12.12285,12.12647,0.00,0.00
2015.01.07 21:23:23.778,12.12309,12.12653,0.00,0.00
2015.01.07 21:23:31.821,12.12294,12.12648,0.00,0.00
2015.01.07 21:23:52.320,12.12304,12.12648,0.00,0.00
2015.01.07 21:24:13.293,12.12314,12.12658,0.00,0.00
2015.01.07 21:25:13.353,12.1217,12.1277,0.00,0.00
2015.01.07 21:25:14.523,12.12169,12.12771,0.00,0.00
2015.01.07 21:25:19.129,12.1217,12.1277,0.00,0.00
2015.01.07 21:25:24.187,12.12169,12.12771,0.00,0.00
2015.01.07 21:25:26.724,12.1217,12.1277,0.00,0.00
2015.01.07 21:25:27.996,12.12169,12.12771,0.00,0.00
2015.01.07 21:25:28.545,12.1217,12.1277,0.00,0.00
2015.01.07 21:25:29.858,12.12169,12.12771,0.00,0.00
2015.01.07 21:25:31.785,12.1217,12.1277,0.00,0.00
2015.01.07 21:25:33.608,12.12169,12.12771,0.00,0.00
2015.01.07 21:25:35.523,12.1217,12.1277,0.00,0.00
2015.01.07 21:25:35.982,12.12325,12.12667,0.00,0.00
2015.01.07 21:26:36.242,12.12179,12.12771,0.00,0.00
2015.01.07 21:26:37.049,12.1218,12.1277,0.00,0.00
2015.01.07 21:26:38.274,12.12315,12.12657,0.00,0.00
2015.01.07 21:26:46.590,12.12274,12.12618,0.00,0.00
2015.01.07 21:27:00.930,12.12255,12.12597,0.00,0.00
2015.01.07 21:27:01.031,12.12214,12.12558,0.00,0.00
2015.01.07 21:27:02.424,12.12154,12.12498,0.00,0.00
2015.01.07 21:27:02.791,12.12175,12.12517,0.00,0.00
2015.01.07 21:27:05.170,12.12175,12.12481,0.00,0.00
2015.01.07 21:27:05.270,12.12126,12.12468,0.00,0.00
2015.01.07 21:27:05.371,12.12105,12.12449,0.00,0.00
2015.01.07 21:27:11.095,12.12096,12.12438,0.00,0.00
2015.01.07 21:27:41.690,12.12,12.12344,0.00,0.00
2015.01.07 21:27:50.293,12.11909,12.12352,0.00,0.00
2015.01.07 21:27:51.258,12.11958,12.12371,0.00,0.00
2015.01.07 21:27:52.012,12.11958,12.12271,0.00,0.00
2015.01.07 21:27:52.063,12.11929,12.12271,0.00,0.00
2015.01.07 21:27:52.163,12.11859,12.12271,0.00,0.00
2015.01.07 21:27:52.621,12.11933,12.12271,0.00,0.00
2015.01.07 21:27:52.671,12.11933,12.12377,0.00,0.00
2015.01.07 21:27:52.722,12.11998,12.12402,0.00,0.00
2015.01.07 21:27:52.822,12.12008,12.12442,0.00,0.00
2015.01.07 21:27:54.154,12.12008,12.1242,0.00,0.00
2015.01.07 21:27:54.501,12.12001,12.12343,0.00,0.00
2015.01.07 21:27:54.719,12.12025,12.12369,0.00,0.00
2015.01.07 21:27:56.203,12.12008,12.12248,0.00,0.00
2015.01.07 21:27:56.253,12.11906,12.12248,0.00,0.00
2015.01.07 21:28:01.379,12.11906,12.12242,0.00,0.00
2015.01.07 21:28:01.429,12.11879,12.12223,0.00,0.00
2015.01.07 21:28:01.480,12.11879,12.12221,0.00,0.00
2015.01.07 21:28:01.919,12.11825,12.12167,0.00,0.00
2015.01.07 21:28:02.019,12.11639,12.12071,0.00,0.00
2015.01.07 21:28:02.070,12.11658,12.1208,0.00,0.00
2015.01.07 21:28:02.120,12.11698,12.1214,0.00,0.00
2015.01.07 21:28:03.012,12.11678,12.12115,0.00,0.00
2015.01.07 21:28:03.062,12.11671,12.12115,0.00,0.00
2015.01.07 21:28:03.112,12.11658,12.12071,0.00,0.00
2015.01.07 21:28:04.911,12.11658,12.1207,0.00,0.00
2015.01.07 21:28:06.410,12.11658,12.1206,0.00,0.00
2015.01.07 21:28:07.099,12.11708,12.1206,0.00,0.00
2015.01.07 21:28:07.149,12.11708,12.1209,0.00,0.00
2015.01.07 21:28:07.250,12.11758,12.1216,0.00,0.00
2015.01.07 21:28:07.413,12.11758,12.1217,0.00,0.00
2015.01.07 21:28:07.514,12.11758,12.1218,0.00,0.00
2015.01.07 21:28:12.160,12.11784,12.12126,0.00,0.00
2015.01.07 21:28:13.290,12.11804,12.12146,0.00,0.00
2015.01.07 21:28:13.942,12.11788,12.12132,0.00,0.00
2015.01.07 21:28:14.335,12.11764,12.12106,0.00,0.00
2015.01.07 21:28:17.946,12.11574,12.11916,0.00,0.00
2015.01.07 21:28:22.599,12.1168,12.12022,0.00,0.00
2015.01.07 21:28:22.800,12.11674,12.12018,0.00,0.00
2015.01.07 21:28:22.850,12.11624,12.11968,0.00,0.00
2015.01.07 21:28:23.788,12.11634,12.11978,0.00,0.00
2015.01.07 21:28:24.206,12.11659,12.12003,0.00,0.00
2015.01.07 21:28:24.587,12.11675,12.12017,0.00,0.00
2015.01.07 21:28:24.688,12.11714,12.12058,0.00,0.00
2015.01.07 21:28:26.774,12.11774,12.12118,0.00,0.00
2015.01.07 21:28:27.156,12.11789,12.12133,0.00,0.00
2015.01.07 21:28:28.258,12.11774,12.12118,0.00,0.00
2015.01.07 21:28:31.169,12.11794,12.12138,0.00,0.00
2015.01.07 21:28:36.497,12.11769,12.12113,0.00,0.00
2015.01.07 21:28:37.004,12.11674,12.12018,0.00,0.00
2015.01.07 21:28:37.373,12.11694,12.12038,0.00,0.00
2015.01.07 21:28:37.767,12.11725,12.12067,0.00,0.00
2015.01.07 21:28:39.276,12.11705,12.12047,0.00,0.00
2015.01.07 21:28:39.377,12.11664,12.12008,0.00,0.00
2015.01.07 21:29:00.553,12.11614,12.11958,0.00,0.00
2015.01.07 21:29:21.334,12.11604,12.11948,0.00,0.00
2015.01.07 21:29:36.494,12.11623,12.11967,0.00,0.00
2015.01.07 21:29:42.410,12.11643,12.11987,0.00,0.00
2015.01.07 21:29:42.776,12.11664,12.12006,0.00,0.00
2015.01.07 21:29:44.298,12.11649,12.11991,0.00,0.00
2015.01.07 21:29:44.771,12.11634,12.11976,0.00,0.00
2015.01.07 21:29:45.248,12.11614,12.11956,0.00,0.00
2015.01.07 21:30:00.535,12.11574,12.11946,0.00,0.00
2015.01.07 21:30:01.039,12.11545,12.11947,0.00,0.00
2015.01.07 21:30:03.037,12.11545,12.11942,0.00,0.00
2015.01.07 21:30:04.259,12.11513,12.11857,0.00,0.00
2015.01.07 21:30:09.438,12.11498,12.1184,0.00,0.00
2015.01.07 21:30:10.020,12.11447,12.11791,0.00,0.00
2015.01.07 21:30:17.557,12.11558,12.11791,0.00,0.00
2015.01.07 21:30:17.658,12.11558,12.11848,0.00,0.00
2015.01.07 21:30:17.759,12.11558,12.11922,0.00,0.00
2015.01.07 21:30:21.167,12.11552,12.11976,0.00,0.00
2015.01.07 21:30:21.368,12.11509,12.11908,0.00,0.00
2015.01.07 21:30:21.532,12.11509,12.1195,0.00,0.00
2015.01.07 21:30:22.169,12.11509,12.11921,0.00,0.00
2015.01.07 21:30:22.628,12.11509,12.11892,0.00,0.00
2015.01.07 21:30:23.873,12.11519,12.11888,0.00,0.00
2015.01.07 21:30:25.905,12.1147,12.11837,0.00,0.00
2015.01.07 21:30:26.238,12.11455,12.11822,0.00,0.00
2015.01.07 21:30:26.557,12.1142,12.11787,0.00,0.00
2015.01.07 21:30:29.143,12.11408,12.11731,0.00,0.00
2015.01.07 21:30:30.342,12.11358,12.11671,0.00,0.00
2015.01.07 21:30:30.392,12.11358,12.11691,0.00,0.00
2015.01.07 21:30:31.087,12.11409,12.11691,0.00,0.00
2015.01.07 21:30:31.238,12.11359,12.11681,0.00,0.00
2015.01.07 21:30:32.332,12.11309,12.11681,0.00,0.00
2015.01.07 21:30:32.747,12.11279,12.11681,0.00,0.00
2015.01.07 21:30:32.798,12.11279,12.11662,0.00,0.00
2015.01.07 21:30:33.214,12.11279,12.11641,0.00,0.00
2015.01.07 21:30:33.323,12.11259,12.11641,0.00,0.00
2015.01.07 21:30:33.397,12.11199,12.11641,0.00,0.00
2015.01.07 21:30:33.497,12.11199,12.11492,0.00,0.00
2015.01.07 21:30:33.548,12.11148,12.11492,0.00,0.00
2015.01.07 21:30:33.870,12.11148,12.11466,0.00,0.00
2015.01.07 21:30:34.172,12.10958,12.11311,0.00,0.00
2015.01.07 21:30:34.451,12.10958,12.11291,0.00,0.00
2015.01.07 21:30:34.952,12.10908,12.11231,0.00,0.00
2015.01.07 21:30:35.053,12.10891,12.11231,0.00,0.00
2015.01.07 21:30:35.104,12.10859,12.11231,0.00,0.00
2015.01.07 21:30:35.542,12.10879,12.11231,0.00,0.00
2015.01.07 21:30:35.593,12.10879,12.11252,0.00,0.00
2015.01.07 21:30:35.643,12.10908,12.11252,0.00,0.00
2015.01.07 21:30:35.744,12.10809,12.11206,0.00,0.00
2015.01.07 21:30:36.155,12.10779,12.11174,0.00,0.00
2015.01.07 21:30:36.551,12.10758,12.11174,0.00,0.00
2015.01.07 21:30:36.653,12.10779,12.11174,0.00,0.00
2015.01.07 21:30:37.157,12.10808,12.11218,0.00,0.00
2015.01.07 21:30:37.258,12.10799,12.11172,0.00,0.00
2015.01.07 21:30:37.309,12.1078,12.11172,0.00,0.00
2015.01.07 21:30:37.896,12.10779,12.11172,0.00,0.00
2015.01.07 21:30:39.798,12.1078,12.11172,0.00,0.00
2015.01.07 21:30:39.899,12.10722,12.10982,0.00,0.00
2015.01.07 21:30:39.949,12.10609,12.10982,0.00,0.00
2015.01.07 21:30:40.058,12.10609,12.10956,0.00,0.00
2015.01.07 21:30:40.109,12.10561,12.10956,0.00,0.00
2015.01.07 21:30:40.318,12.10559,12.10956,0.00,0.00
2015.01.07 21:30:41.358,12.10521,12.10956,0.00,0.00
2015.01.07 21:30:41.408,12.10521,12.10812,0.00,0.00
2015.01.07 21:30:41.509,12.10379,12.10781,0.00,0.00
2015.01.07 21:30:42.216,12.1038,12.10781,0.00,0.00
2015.01.07 21:30:43.396,12.1038,12.10672,0.00,0.00
2015.01.07 21:30:43.447,12.10258,12.10672,0.00,0.00
2015.01.07 21:30:43.845,12.10279,12.10672,0.00,0.00
2015.01.07 21:30:44.771,12.1028,12.10672,0.00,0.00
2015.01.07 21:30:45.303,12.10279,12.10672,0.00,0.00
2015.01.07 21:30:45.504,12.10358,12.10781,0.00,0.00
2015.01.07 21:30:46.157,12.10408,12.10781,0.00,0.00
2015.01.07 21:30:46.421,12.10359,12.10781,0.00,0.00
2015.01.07 21:30:46.751,12.10408,12.10781,0.00,0.00
2015.01.07 21:30:47.192,12.10558,12.10851,0.00,0.00
2015.01.07 21:30:47.293,12.10558,12.10907,0.00,0.00
2015.01.07 21:30:47.394,12.10509,12.10907,0.00,0.00
2015.01.07 21:30:49.248,12.10559,12.10907,0.00,0.00
2015.01.07 21:30:49.298,12.10559,12.10967,0.00,0.00
2015.01.07 21:30:49.349,12.10523,12.10967,0.00,0.00
2015.01.07 21:30:49.399,12.10508,12.10942,0.00,0.00
2015.01.07 21:30:49.799,12.10558,12.10961,0.00,0.00
2015.01.07 21:30:50.138,12.10608,12.11007,0.00,0.00
2015.01.07 21:30:50.392,12.10758,12.11162,0.00,0.00
2015.01.07 21:30:52.043,12.10698,12.11112,0.00,0.00
2015.01.07 21:30:57.521,12.1078,12.11112,0.00,0.00
2015.01.07 21:30:57.621,12.10808,12.11211,0.00,0.00
2015.01.07 21:30:58.477,12.1088,12.11211,0.00,0.00
2015.01.07 21:30:58.528,12.1088,12.11261,0.00,0.00
2015.01.07 21:30:59.043,12.10879,12.11261,0.00,0.00
2015.01.07 21:31:00.325,12.10879,12.11293,0.00,0.00
2015.01.07 21:31:00.376,12.10909,12.11293,0.00,0.00
2015.01.07 21:31:00.426,12.10909,12.11312,0.00,0.00
2015.01.07 21:31:00.477,12.10872,12.11281,0.00,0.00
2015.01.07 21:31:00.577,12.1087,12.11231,0.00,0.00
2015.01.07 21:31:00.963,12.10758,12.11107,0.00,0.00
2015.01.07 21:31:01.125,12.10758,12.11123,0.00,0.00
2015.01.07 21:31:02.031,12.10722,12.11097,0.00,0.00
2015.01.07 21:31:05.063,12.1078,12.11188,0.00,0.00
2015.01.07 21:31:05.673,12.10779,12.11188,0.00,0.00
2015.01.07 21:31:05.809,12.10759,12.11188,0.00,0.00
2015.01.07 21:31:05.859,12.10808,12.11188,0.00,0.00
2015.01.07 21:31:06.010,12.10658,12.11058,0.00,0.00
2015.01.07 21:31:06.415,12.10609,12.11052,0.00,0.00
2015.01.07 21:31:06.499,12.10632,12.11011,0.00,0.00
2015.01.07 21:31:07.094,12.10658,12.11011,0.00,0.00
2015.01.07 21:31:07.145,12.10658,12.11014,0.00,0.00
2015.01.07 21:31:07.245,12.10661,12.11063,0.00,0.00
2015.01.07 21:31:08.502,12.10658,12.11058,0.00,0.00
2015.01.07 21:31:09.531,12.1066,12.11064,0.00,0.00
2015.01.07 21:31:12.620,12.10693,12.1107,0.00,0.00
2015.01.07 21:31:13.537,12.10645,12.11014,0.00,0.00
2015.01.07 21:31:15.462,12.10648,12.11014,0.00,0.00
2015.01.07 21:31:15.562,12.1066,12.11029,0.00,0.00
2015.01.07 21:31:16.127,12.10686,12.11053,0.00,0.00
2015.01.07 21:31:17.315,12.10698,12.11053,0.00,0.00
2015.01.07 21:31:17.366,12.10705,12.11074,0.00,0.00
2015.01.07 21:31:18.176,12.1069,12.11059,0.00,0.00
2015.01.07 21:31:18.938,12.10699,12.11059,0.00,0.00
2015.01.07 21:31:19.021,12.10705,12.11074,0.00,0.00
2015.01.07 21:31:19.548,12.10685,12.11054,0.00,0.00
2015.01.07 21:31:20.820,12.10685,12.10882,0.00,0.00
2015.01.07 21:31:20.871,12.1061,12.10882,0.00,0.00
2015.01.07 21:31:20.971,12.10445,12.10814,0.00,0.00
2015.01.07 21:31:23.637,12.10425,12.10794,0.00,0.00
2015.01.07 21:31:24.081,12.10386,12.10753,0.00,0.00
2015.01.07 21:31:24.131,12.10415,12.10784,0.00,0.00
2015.01.07 21:31:29.846,12.1046,12.10829,0.00,0.00
2015.01.07 21:31:31.175,12.10496,12.10863,0.00,0.00
2015.01.07 21:31:32.657,12.10466,12.10833,0.00,0.00
2015.01.07 21:31:33.866,12.10487,12.10869,0.00,0.00
2015.01.07 21:31:35.958,12.10408,12.10741,0.00,0.00
2015.01.07 21:31:36.008,12.10372,12.10741,0.00,0.00
2015.01.07 21:31:36.641,12.10439,12.10741,0.00,0.00
2015.01.07 21:31:36.692,12.10439,12.10756,0.00,0.00
2015.01.07 21:31:36.742,12.10459,12.10756,0.00,0.00
2015.01.07 21:31:36.793,12.10499,12.10878,0.00,0.00
2015.01.07 21:31:44.993,12.10513,12.1088,0.00,0.00
2015.01.07 21:31:45.195,12.10526,12.10915,0.00,0.00
2015.01.07 21:31:45.249,12.10529,12.10915,0.00,0.00
2015.01.07 21:31:45.601,12.10585,12.10959,0.00,0.00
2015.01.07 21:31:46.207,12.10573,12.1094,0.00,0.00
2015.01.07 21:31:47.011,12.10593,12.1096,0.00,0.00
2015.01.07 21:31:47.112,12.10652,12.11021,0.00,0.00
2015.01.07 21:31:52.466,12.10658,12.11021,0.00,0.00
2015.01.07 21:31:52.516,12.1067,12.11037,0.00,0.00
2015.01.07 21:31:52.617,12.10715,12.11082,0.00,0.00
2015.01.07 21:31:57.405,12.10665,12.11032,0.00,0.00
2015.01.07 21:32:06.036,12.10612,12.10979,0.00,0.00
2015.01.07 21:32:17.705,12.10566,12.11008,0.00,0.00
2015.01.07 21:32:21.634,12.10536,12.10978,0.00,0.00
2015.01.07 21:32:36.684,12.10534,12.10976,0.00,0.00
2015.01.07 21:33:00.497,12.10499,12.10941,0.00,0.00
2015.01.07 21:33:02.668,12.10539,12.10981,0.00,0.00
2015.01.07 21:33:02.726,12.10539,12.10983,0.00,0.00
2015.01.07 21:33:06.015,12.10539,12.10971,0.00,0.00
2015.01.07 21:33:06.116,12.10523,12.10965,0.00,0.00
2015.01.07 21:33:06.170,12.10492,12.10936,0.00,0.00
2015.01.07 21:33:15.850,12.1048,12.10843,0.00,0.00
2015.01.07 21:33:15.900,12.10426,12.10868,0.00,0.00
2015.01.07 21:33:16.001,12.10445,12.10881,0.00,0.00
2015.01.07 21:33:16.101,12.1042,12.10864,0.00,0.00
2015.01.07 21:33:16.934,12.1042,12.10721,0.00,0.00
2015.01.07 21:33:16.985,12.10395,12.10721,0.00,0.00
2015.01.07 21:33:17.086,12.10191,12.10633,0.00,0.00
2015.01.07 21:33:17.374,12.10191,12.1057,0.00,0.00
2015.01.07 21:33:17.425,12.1011,12.10532,0.00,0.00
2015.01.07 21:33:17.526,12.10025,12.10431,0.00,0.00
2015.01.07 21:33:17.626,12.09943,12.10385,0.00,0.00
2015.01.07 21:33:17.727,12.09923,12.10365,0.00,0.00
2015.01.07 21:33:17.978,12.09841,12.10285,0.00,0.00
2015.01.07 21:33:18.857,12.09859,12.10285,0.00,0.00
2015.01.07 21:33:18.958,12.09841,12.10285,0.00,0.00
2015.01.07 21:33:20.281,12.09859,12.10285,0.00,0.00
2015.01.07 21:33:27.284,12.09908,12.10285,0.00,0.00
2015.01.07 21:33:27.435,12.09908,12.10341,0.00,0.00
2015.01.07 21:33:28.072,12.09959,12.10341,0.00,0.00
2015.01.07 21:33:28.122,12.09959,12.10361,0.00,0.00
2015.01.07 21:33:33.474,12.09899,12.1031,0.00,0.00
2015.01.07 21:33:33.596,12.09868,12.1031,0.00,0.00
2015.01.07 21:33:34.833,12.09859,12.10285,0.00,0.00
2015.01.07 21:33:35.308,12.09872,12.10316,0.00,0.00
2015.01.07 21:33:36.127,12.09925,12.10332,0.00,0.00
2015.01.07 21:33:36.228,12.09925,12.10369,0.00,0.00
2015.01.07 21:34:06.049,12.09909,12.1035,0.00,0.00
2015.01.07 21:34:06.150,12.0993,12.10374,0.00,0.00
2015.01.07 21:34:07.083,12.0991,12.10354,0.00,0.00
2015.01.07 21:34:12.902,12.09935,12.10379,0.00,0.00
2015.01.07 21:34:17.664,12.09958,12.10379,0.00,0.00
2015.01.07 21:34:18.272,12.09958,12.10399,0.00,0.00
2015.01.07 21:34:18.373,12.09979,12.10399,0.00,0.00
2015.01.07 21:34:18.468,12.09979,12.10418,0.00,0.00
2015.01.07 21:34:19.392,12.0998,12.10418,0.00,0.00
2015.01.07 21:34:19.544,12.10058,12.10418,0.00,0.00
2015.01.07 21:34:19.594,12.10058,12.10421,0.00,0.00
2015.01.07 21:34:19.645,12.1008,12.10444,0.00,0.00
2015.01.07 21:34:19.745,12.10134,12.10578,0.00,0.00
2015.01.07 21:34:19.796,12.1009,12.10532,0.00,0.00
2015.01.07 21:34:20.183,12.10109,12.10553,0.00,0.00
2015.01.07 21:34:20.656,12.10109,12.10532,0.00,0.00
2015.01.07 21:34:20.707,12.1009,12.10532,0.00,0.00
2015.01.07 21:34:21.606,12.10069,12.10513,0.00,0.00
2015.01.07 21:34:21.675,12.1005,12.10492,0.00,0.00
2015.01.07 21:34:24.506,12.1005,12.10482,0.00,0.00
2015.01.07 21:34:24.858,12.10005,12.10421,0.00,0.00
2015.01.07 21:34:24.909,12.10035,12.1047,0.00,0.00
2015.01.07 21:34:24.964,12.10035,12.10421,0.00,0.00
2015.01.07 21:34:25.014,12.10004,12.10421,0.00,0.00
2015.01.07 21:34:26.323,12.09939,12.10371,0.00,0.00
2015.01.07 21:34:26.423,12.09879,12.10323,0.00,0.00
2015.01.07 21:34:26.732,12.0991,12.10352,0.00,0.00
2015.01.07 21:34:27.407,12.09945,12.10387,0.00,0.00
2015.01.07 21:34:30.093,12.09945,12.10382,0.00,0.00
2015.01.07 21:34:30.193,12.09915,12.10357,0.00,0.00
2015.01.07 21:34:32.732,12.09879,12.10323,0.00,0.00
2015.01.07 21:34:34.087,12.09879,12.10281,0.00,0.00
2015.01.07 21:34:34.138,12.09819,12.10263,0.00,0.00
2015.01.07 21:34:34.783,12.09819,12.1022,0.00,0.00
2015.01.07 21:34:35.264,12.09819,12.10263,0.00,0.00
2015.01.07 21:34:36.131,12.09799,12.10243,0.00,0.00
2015.01.07 21:34:36.761,12.09816,12.10258,0.00,0.00
2015.01.07 21:34:40.335,12.09791,12.10222,0.00,0.00
2015.01.07 21:34:43.528,12.09735,12.10179,0.00,0.00
2015.01.07 21:34:43.730,12.09756,12.10198,0.00,0.00
2015.01.07 21:34:45.944,12.09775,12.10219,0.00,0.00
2015.01.07 21:34:46.818,12.09795,12.10222,0.00,0.00
2015.01.07 21:34:49.854,12.09886,12.10222,0.00,0.00
2015.01.07 21:34:49.904,12.09886,12.10328,0.00,0.00
2015.01.07 21:34:55.394,12.09909,12.10328,0.00,0.00
2015.01.07 21:34:55.445,12.0998,12.10424,0.00,0.00
2015.01.07 21:34:55.545,12.0996,12.10404,0.00,0.00
2015.01.07 21:34:56.176,12.09981,12.10423,0.00,0.00
2015.01.07 21:34:56.277,12.1002,12.10464,0.00,0.00
2015.01.07 21:34:56.653,12.09975,12.10419,0.00,0.00
2015.01.07 21:34:56.990,12.09955,12.10399,0.00,0.00
2015.01.07 21:34:59.141,12.09936,12.10378,0.00,0.00
2015.01.07 21:34:59.742,12.09956,12.104,0.00,0.00
2015.01.07 21:35:00.966,12.09937,12.10379,0.00,0.00
2015.01.07 21:35:01.293,12.09908,12.10305,0.00,0.00
2015.01.07 21:35:01.344,12.09861,12.10305,0.00,0.00
2015.01.07 21:35:06.196,12.09842,12.10281,0.00,0.00
2015.01.07 21:35:06.297,12.09821,12.10265,0.00,0.00
2015.01.07 21:35:06.753,12.09841,12.10281,0.00,0.00
2015.01.07 21:35:07.160,12.09822,12.10264,0.00,0.00
2015.01.07 21:35:22.023,12.10121,12.10264,0.00,0.00
2015.01.07 21:35:22.133,12.10206,12.1062,0.00,0.00
2015.01.07 21:35:23.823,12.10206,12.1065,0.00,0.00
2015.01.07 21:35:23.873,12.10241,12.10685,0.00,0.00
2015.01.07 21:35:24.283,12.10256,12.107,0.00,0.00
2015.01.07 21:35:28.283,12.10259,12.107,0.00,0.00
2015.01.07 21:35:28.484,12.10301,12.10745,0.00,0.00
2015.01.07 21:35:28.765,12.10301,12.10721,0.00,0.00
2015.01.07 21:35:29.263,12.10276,12.1072,0.00,0.00
2015.01.07 21:35:31.804,12.10297,12.10721,0.00,0.00
2015.01.07 21:35:33.457,12.10297,12.10739,0.00,0.00
2015.01.07 21:35:36.097,12.10297,12.10722,0.00,0.00
2015.01.07 21:35:36.349,12.10297,12.10739,0.00,0.00
2015.01.07 21:35:36.884,12.10315,12.10757,0.00,0.00
2015.01.07 21:35:37.370,12.10335,12.1077,0.00,0.00
2015.01.07 21:35:38.081,12.10335,12.10771,0.00,0.00
2015.01.07 21:35:40.593,12.10335,12.1077,0.00,0.00
2015.01.07 21:35:41.913,12.10335,12.10771,0.00,0.00
2015.01.07 21:35:46.662,12.10315,12.10757,0.00,0.00
2015.01.07 21:35:47.074,12.10374,12.10818,0.00,0.00
2015.01.07 21:35:47.175,12.10394,12.10838,0.00,0.00
2015.01.07 21:35:47.696,12.10414,12.10858,0.00,0.00
2015.01.07 21:35:50.273,12.1044,12.10882,0.00,0.00
2015.01.07 21:36:00.402,12.1044,12.10881,0.00,0.00
2015.01.07 21:36:00.503,12.10414,12.10858,0.00,0.00
2015.01.07 21:36:05.133,12.10459,12.10858,0.00,0.00
2015.01.07 21:36:05.234,12.10459,12.10882,0.00,0.00
2015.01.07 21:36:05.334,12.10469,12.10913,0.00,0.00
2015.01.07 21:36:16.912,12.105,12.10942,0.00,0.00
2015.01.07 21:36:20.406,12.105,12.10921,0.00,0.00
2015.01.07 21:36:20.508,12.1047,12.10912,0.00,0.00
2015.01.07 21:36:25.614,12.10494,12.10921,0.00,0.00
2015.01.07 21:36:25.664,12.10494,12.10938,0.00,0.00
2015.01.07 21:36:25.715,12.1053,12.10972,0.00,0.00
2015.01.07 21:36:33.488,12.10605,12.11047,0.00,0.00
2015.01.07 21:36:38.980,12.10624,12.11068,0.00,0.00
2015.01.07 21:36:44.538,12.10642,12.1107,0.00,0.00
2015.01.07 21:36:48.122,12.10642,12.11071,0.00,0.00
2015.01.07 21:36:53.878,12.10642,12.1107,0.00,0.00
2015.01.07 21:36:55.741,12.10642,12.11071,0.00,0.00
2015.01.07 21:36:57.634,12.10642,12.1107,0.00,0.00
2015.01.07 21:36:58.438,12.10642,12.11071,0.00,0.00
2015.01.07 21:37:04.936,12.10642,12.1107,0.00,0.00
2015.01.07 21:37:07.166,12.10642,12.11071,0.00,0.00
2015.01.07 21:37:09.919,12.10642,12.1107,0.00,0.00
2015.01.07 21:37:13.001,12.10642,12.11071,0.00,0.00
2015.01.07 21:37:14.704,12.10642,12.1107,0.00,0.00
2015.01.07 21:37:17.536,12.10642,12.11071,0.00,0.00
2015.01.07 21:37:18.190,12.10642,12.1107,0.00,0.00
2015.01.07 21:37:18.851,12.10642,12.11071,0.00,0.00
2015.01.07 21:37:22.995,12.10642,12.1107,0.00,0.00
2015.01.07 21:37:24.209,12.10642,12.11071,0.00,0.00
2015.01.07 21:37:26.201,12.10642,12.1107,0.00,0.00
2015.01.07 21:37:27.979,12.10642,12.11071,0.00,0.00
2015.01.07 21:37:28.627,12.10642,12.1107,0.00,0.00
2015.01.07 21:37:30.520,12.10642,12.11071,0.00,0.00
2015.01.07 21:37:31.893,12.10642,12.1107,0.00,0.00
2015.01.07 21:37:33.011,12.10642,12.11071,0.00,0.00
2015.01.07 21:37:33.727,12.10642,12.1107,0.00,0.00
2015.01.07 21:37:34.945,12.10642,12.11071,0.00,0.00
2015.01.07 21:37:35.654,12.10642,12.1107,0.00,0.00
2015.01.07 21:37:37.995,12.10642,12.11071,0.00,0.00
2015.01.07 21:37:39.474,12.10642,12.1107,0.00,0.00
2015.01.07 21:37:39.978,12.10642,12.11071,0.00,0.00
2015.01.07 21:37:43.848,12.10642,12.1107,0.00,0.00
2015.01.07 21:37:44.834,12.1058,12.1107,0.00,0.00
2015.01.07 21:37:45.494,12.10579,12.11071,0.00,0.00
2015.01.07 21:37:46.914,12.10512,12.1097,0.00,0.00
2015.01.07 21:37:47.350,12.10517,12.10959,0.00,0.00
2015.01.07 21:37:47.853,12.10497,12.10939,0.00,0.00
2015.01.07 21:37:47.954,12.10466,12.1091,0.00,0.00
2015.01.07 21:37:51.893,12.10512,12.1091,0.00,0.00
2015.01.07 21:37:52.521,12.10647,12.1107,0.00,0.00
2015.01.07 21:37:53.030,12.10647,12.11071,0.00,0.00
2015.01.07 21:37:53.920,12.10648,12.11071,0.00,0.00
2015.01.07 21:37:53.971,12.10696,12.1114,0.00,0.00
2015.01.07 21:37:54.071,12.10726,12.1117,0.00,0.00
2015.01.07 21:37:55.963,12.10821,12.1117,0.00,0.00
2015.01.07 21:37:56.013,12.10821,12.11265,0.00,0.00
2015.01.07 21:37:56.064,12.10867,12.11281,0.00,0.00
2015.01.07 21:37:57.771,12.10867,12.11222,0.00,0.00
2015.01.07 21:37:57.871,12.10821,12.11222,0.00,0.00
2015.01.07 21:38:08.220,12.10821,12.11182,0.00,0.00
2015.01.07 21:38:08.270,12.10801,12.11182,0.00,0.00
2015.01.07 21:38:08.321,12.10801,12.11171,0.00,0.00
2015.01.07 21:38:08.371,12.10721,12.11139,0.00,0.00
2015.01.07 21:38:08.422,12.10697,12.11139,0.00,0.00
2015.01.07 21:38:08.472,12.10697,12.11132,0.00,0.00
2015.01.07 21:38:10.253,12.10616,12.1106,0.00,0.00
2015.01.07 21:38:10.420,12.10616,12.11031,0.00,0.00
2015.01.07 21:38:10.470,12.10577,12.11019,0.00,0.00
2015.01.07 21:38:11.410,12.10577,12.10882,0.00,0.00
2015.01.07 21:38:11.511,12.10446,12.10871,0.00,0.00
2015.01.07 21:38:15.294,12.10446,12.1087,0.00,0.00
2015.01.07 21:38:17.119,12.10446,12.10871,0.00,0.00
2015.01.07 21:38:18.212,12.10416,12.1086,0.00,0.00
2015.01.07 21:38:18.844,12.10337,12.10771,0.00,0.00
2015.01.07 21:38:20.159,12.10337,12.1077,0.00,0.00
2015.01.07 21:38:21.987,12.10337,12.10771,0.00,0.00
2015.01.07 21:38:23.910,12.10337,12.1077,0.00,0.00
2015.01.07 21:38:25.838,12.10337,12.10771,0.00,0.00
2015.01.07 21:38:27.897,12.10357,12.10771,0.00,0.00
2015.01.07 21:38:27.997,12.10357,12.10781,0.00,0.00
2015.01.07 21:38:28.048,12.10357,12.10799,0.00,0.00
2015.01.07 21:38:30.552,12.10357,12.10781,0.00,0.00
2015.01.07 21:38:39.011,12.10337,12.10779,0.00,0.00
2015.01.07 21:38:43.762,12.10359,12.10799,0.00,0.00
2015.01.07 21:38:44.070,12.10309,12.10749,0.00,0.00
2015.01.07 21:38:44.120,12.10307,12.10749,0.00,0.00
2015.01.07 21:38:44.348,12.10307,12.10722,0.00,0.00
2015.01.07 21:38:55.766,12.10307,12.10749,0.00,0.00
2015.01.07 21:39:00.581,12.10307,12.10722,0.00,0.00
2015.01.07 21:39:04.255,12.10295,12.10722,0.00,0.00
2015.01.07 21:39:53.154,12.10316,12.10722,0.00,0.00
2015.01.07 21:39:53.205,12.10316,12.10758,0.00,0.00
2015.01.07 21:39:55.262,12.10336,12.10778,0.00,0.00
2015.01.07 21:40:00.472,12.10336,12.10771,0.00,0.00
2015.01.07 21:40:00.573,12.10309,12.10749,0.00,0.00
2015.01.07 21:40:00.674,12.10305,12.10749,0.00,0.00
2015.01.07 21:40:12.885,12.10379,12.10749,0.00,0.00
2015.01.07 21:40:12.985,12.10415,12.10859,0.00,0.00
2015.01.07 21:40:15.208,12.10436,12.10871,0.00,0.00
2015.01.07 21:40:17.598,12.10436,12.1087,0.00,0.00
2015.01.07 21:40:18.653,12.10436,12.10871,0.00,0.00
2015.01.07 21:40:20.545,12.10436,12.10878,0.00,0.00
2015.01.07 21:40:20.645,12.10466,12.1091,0.00,0.00
2015.01.07 21:40:28.119,12.10486,12.1093,0.00,0.00
2015.01.07 21:40:28.598,12.1047,12.10914,0.00,0.00
2015.01.07 21:40:30.711,12.10451,12.10895,0.00,0.00
2015.01.07 21:40:36.111,12.10532,12.10971,0.00,0.00
2015.01.07 21:40:36.766,12.10532,12.1097,0.00,0.00
2015.01.07 21:40:37.356,12.10532,12.10971,0.00,0.00
2015.01.07 21:40:39.125,12.10532,12.1097,0.00,0.00
2015.01.07 21:40:41.207,12.10532,12.10971,0.00,0.00
2015.01.07 21:40:42.622,12.10532,12.1097,0.00,0.00
2015.01.07 21:40:43.126,12.10532,12.10971,0.00,0.00
2015.01.07 21:40:45.651,12.10532,12.1097,0.00,0.00
2015.01.07 21:40:47.575,12.10532,12.10971,0.00,0.00
2015.01.07 21:40:49.449,12.10532,12.1097,0.00,0.00
2015.01.07 21:40:50.718,12.10532,12.10971,0.00,0.00
2015.01.07 21:40:51.911,12.10483,12.10971,0.00,0.00
2015.01.07 21:40:52.540,12.10483,12.1097,0.00,0.00
2015.01.07 21:40:53.365,12.10483,12.10971,0.00,0.00
2015.01.07 21:40:55.667,12.10483,12.1097,0.00,0.00
2015.01.07 21:40:56.335,12.10483,12.10971,0.00,0.00
2015.01.07 21:40:56.995,12.10483,12.1097,0.00,0.00
2015.01.07 21:40:58.292,12.10483,12.10971,0.00,0.00
2015.01.07 21:41:02.734,12.10483,12.1097,0.00,0.00
2015.01.07 21:41:03.261,12.10483,12.10971,0.00,0.00
2015.01.07 21:41:05.192,12.10483,12.1097,0.00,0.00
2015.01.07 21:41:07.016,12.10483,12.10971,0.00,0.00
2015.01.07 21:41:07.821,12.10483,12.1097,0.00,0.00
2015.01.07 21:41:09.748,12.10483,12.10971,0.00,0.00
2015.01.07 21:41:13.495,12.10483,12.1097,0.00,0.00
2015.01.07 21:41:14.712,12.10483,12.10971,0.00,0.00
2015.01.07 21:41:16.537,12.10483,12.1097,0.00,0.00
2015.01.07 21:41:18.454,12.10483,12.10971,0.00,0.00
2015.01.07 21:41:20.425,12.10483,12.10981,0.00,0.00
2015.01.07 21:41:20.525,12.10472,12.10981,0.00,0.00
2015.01.07 21:41:23.543,12.10539,12.10981,0.00,0.00
2015.01.07 21:41:23.694,12.10648,12.11151,0.00,0.00
2015.01.07 21:41:23.745,12.10609,12.11131,0.00,0.00
2015.01.07 21:41:24.028,12.10607,12.11081,0.00,0.00
2015.01.07 21:41:24.697,12.10578,12.11081,0.00,0.00
2015.01.07 21:41:28.068,12.10607,12.11081,0.00,0.00
2015.01.07 21:41:28.119,12.10609,12.11131,0.00,0.00
2015.01.07 21:41:28.324,12.10648,12.11151,0.00,0.00
2015.01.07 21:41:28.374,12.10657,12.11171,0.00,0.00
2015.01.07 21:41:29.344,12.10648,12.11171,0.00,0.00
2015.01.07 21:41:29.675,12.10635,12.11132,0.00,0.00
2015.01.07 21:41:29.782,12.10608,12.11132,0.00,0.00
2015.01.07 21:41:29.976,12.10604,12.11082,0.00,0.00
2015.01.07 21:41:30.489,12.10581,12.11082,0.00,0.00
2015.01.07 21:41:30.979,12.10559,12.11032,0.00,0.00
2015.01.07 21:41:31.080,12.1053,12.11032,0.00,0.00
2015.01.07 21:41:31.287,12.1053,12.10982,0.00,0.00
2015.01.07 21:41:31.388,12.10471,12.10971,0.00,0.00
2015.01.07 21:41:31.499,12.10458,12.10971,0.00,0.00
2015.01.07 21:41:31.549,12.10442,12.10932,0.00,0.00
2015.01.07 21:41:31.905,12.10423,12.10932,0.00,0.00
2015.01.07 21:41:32.183,12.10423,12.10881,0.00,0.00
2015.01.07 21:41:32.277,12.10423,12.10932,0.00,0.00
2015.01.07 21:41:36.383,12.10442,12.10932,0.00,0.00
2015.01.07 21:41:38.330,12.10408,12.10932,0.00,0.00
2015.01.07 21:41:39.625,12.10408,12.10925,0.00,0.00
2015.01.07 21:41:52.694,12.1043,12.10925,0.00,0.00
2015.01.07 21:41:52.745,12.10458,12.1097,0.00,0.00
2015.01.07 21:41:53.533,12.10458,12.10971,0.00,0.00
2015.01.07 21:41:53.633,12.10409,12.10931,0.00,0.00
2015.01.07 21:42:14.241,12.10409,12.1093,0.00,0.00
2015.01.07 21:42:53.645,12.10388,12.1093,0.00,0.00
2015.01.07 21:43:00.270,12.1039,12.1093,0.00,0.00
2015.01.07 21:43:02.401,12.10389,12.1093,0.00,0.00
2015.01.07 21:43:04.343,12.1039,12.1093,0.00,0.00
2015.01.07 21:43:05.870,12.10389,12.1093,0.00,0.00
2015.01.07 21:43:06.410,12.1039,12.1093,0.00,0.00
2015.01.07 21:43:08.211,12.10389,12.1093,0.00,0.00
2015.01.07 21:43:09.638,12.1039,12.1093,0.00,0.00
2015.01.07 21:43:11.896,12.10389,12.1093,0.00,0.00
2015.01.07 21:43:13.807,12.1039,12.1093,0.00,0.00
2015.01.07 21:43:14.354,12.1039,12.1097,0.00,0.00
2015.01.07 21:43:15.653,12.10368,12.10882,0.00,0.00
2015.01.07 21:43:23.371,12.10358,12.1077,0.00,0.00
2015.01.07 21:43:23.421,12.10343,12.1077,0.00,0.00
2015.01.07 21:43:23.472,12.10309,12.10761,0.00,0.00
2015.01.07 21:43:23.809,12.10217,12.10722,0.00,0.00
2015.01.07 21:43:38.913,12.10498,12.10871,0.00,0.00
2015.01.07 21:43:39.013,12.10498,12.10932,0.00,0.00
2015.01.07 21:43:39.115,12.1066,12.11169,0.00,0.00
2015.01.07 21:43:39.215,12.10679,12.11171,0.00,0.00
2015.01.07 21:43:39.802,12.1068,12.1117,0.00,0.00
2015.01.07 21:43:41.024,12.10679,12.11171,0.00,0.00
2015.01.07 21:43:42.374,12.1068,12.1117,0.00,0.00
2015.01.07 21:43:43.835,12.10698,12.1117,0.00,0.00
2015.01.07 21:43:44.036,12.10813,12.11331,0.00,0.00
2015.01.07 21:43:44.638,12.10809,12.11331,0.00,0.00
2015.01.07 21:43:57.323,12.10809,12.11306,0.00,0.00
2015.01.07 21:43:57.524,12.10698,12.11222,0.00,0.00
2015.01.07 21:43:57.823,12.10683,12.11182,0.00,0.00
2015.01.07 21:43:57.874,12.10658,12.11182,0.00,0.00
2015.01.07 21:44:00.550,12.10678,12.11182,0.00,0.00
2015.01.07 21:44:00.601,12.10698,12.1122,0.00,0.00
2015.01.07 21:44:00.651,12.10698,12.11193,0.00,0.00
2015.01.07 21:44:00.702,12.10658,12.11182,0.00,0.00
2015.01.07 21:44:03.543,12.1062,12.11057,0.00,0.00
2015.01.07 21:44:03.593,12.10558,12.11057,0.00,0.00
2015.01.07 21:44:03.643,12.10515,12.11031,0.00,0.00
2015.01.07 21:44:24.272,12.10509,12.11031,0.00,0.00
2015.01.07 21:44:30.005,12.10509,12.11026,0.00,0.00
2015.01.07 21:44:30.781,12.10508,12.11026,0.00,0.00
2015.01.07 21:44:30.834,12.10508,12.11032,0.00,0.00
2015.01.07 21:44:50.841,12.10487,12.10981,0.00,0.00
2015.01.07 21:44:51.354,12.10462,12.10981,0.00,0.00
2015.01.07 21:44:54.124,12.10462,12.10882,0.00,0.00
2015.01.07 21:44:54.258,12.10437,12.10882,0.00,0.00
2015.01.07 21:44:54.358,12.10437,12.10931,0.00,0.00
2015.01.07 21:44:54.765,12.10473,12.10931,0.00,0.00
2015.01.07 21:44:54.815,12.10473,12.10982,0.00,0.00
2015.01.07 21:44:56.024,12.10508,12.11015,0.00,0.00
2015.01.07 21:45:00.309,12.10473,12.10982,0.00,0.00
2015.01.07 21:45:00.650,12.10473,12.10932,0.00,0.00
2015.01.07 21:45:00.750,12.10408,12.10932,0.00,0.00
2015.01.07 21:45:11.449,12.10447,12.10932,0.00,0.00
2015.01.07 21:45:28.436,12.10508,12.11025,0.00,0.00
2015.01.07 21:45:48.194,12.10508,12.11031,0.00,0.00
2015.01.07 21:46:13.883,12.10487,12.10982,0.00,0.00
2015.01.07 21:46:14.456,12.10487,12.10931,0.00,0.00
2015.01.07 21:46:14.556,12.10409,12.10931,0.00,0.00
2015.01.07 21:47:14.554,12.10408,12.1095,0.00,0.00
2015.01.07 21:47:18.168,12.10459,12.1095,0.00,0.00
2015.01.07 21:47:18.268,12.10409,12.10932,0.00,0.00
2015.01.07 21:47:18.369,12.10459,12.1095,0.00,0.00
2015.01.07 21:47:20.148,12.10459,12.10971,0.00,0.00
2015.01.07 21:47:20.714,12.10459,12.1097,0.00,0.00
2015.01.07 21:47:21.228,12.1048,12.1097,0.00,0.00
2015.01.07 21:47:22.661,12.10479,12.10971,0.00,0.00
2015.01.07 21:47:24.718,12.10492,12.10971,0.00,0.00
2015.01.07 21:47:24.819,12.10538,12.11018,0.00,0.00
2015.01.07 21:47:24.869,12.10558,12.11018,0.00,0.00
2015.01.07 21:47:24.919,12.10558,12.11071,0.00,0.00
2015.01.07 21:47:25.820,12.10568,12.11071,0.00,0.00
2015.01.07 21:47:25.920,12.10568,12.11082,0.00,0.00
2015.01.07 21:47:25.971,12.10609,12.1111,0.00,0.00
2015.01.07 21:47:44.881,12.10558,12.11077,0.00,0.00
2015.01.07 21:47:44.931,12.10558,12.11071,0.00,0.00
2015.01.07 21:47:45.317,12.10533,12.11031,0.00,0.00
2015.01.07 21:47:47.747,12.10559,12.11071,0.00,0.00
2015.01.07 21:47:51.007,12.10559,12.1107,0.00,0.00
2015.01.07 21:47:51.617,12.10559,12.11071,0.00,0.00
2015.01.07 21:47:52.709,12.10533,12.11032,0.00,0.00
2015.01.07 21:48:01.792,12.10559,12.11071,0.00,0.00
2015.01.07 21:48:01.892,12.10559,12.11077,0.00,0.00
2015.01.07 21:48:04.448,12.10511,12.11031,0.00,0.00
2015.01.07 21:48:22.085,12.10509,12.11031,0.00,0.00
2015.01.07 21:48:27.114,12.10559,12.11071,0.00,0.00
2015.01.07 21:48:32.809,12.10559,12.1107,0.00,0.00
2015.01.07 21:48:35.252,12.10559,12.11071,0.00,0.00
2015.01.07 21:48:35.913,12.10559,12.1107,0.00,0.00
2015.01.07 21:48:36.624,12.10559,12.11071,0.00,0.00
2015.01.07 21:48:42.259,12.10559,12.1107,0.00,0.00
2015.01.07 21:48:42.848,12.10559,12.11071,0.00,0.00
2015.01.07 21:48:44.185,12.10559,12.1107,0.00,0.00
2015.01.07 21:48:48.711,12.10559,12.11071,0.00,0.00
2015.01.07 21:48:51.811,12.10559,12.1107,0.00,0.00
2015.01.07 21:48:53.262,12.10559,12.11071,0.00,0.00
2015.01.07 21:48:53.312,12.10508,12.11032,0.00,0.00
2015.01.07 21:49:53.472,12.10479,12.11071,0.00,0.00
2015.01.07 21:49:54.074,12.1048,12.1107,0.00,0.00
2015.01.07 21:49:56.004,12.10479,12.11071,0.00,0.00
2015.01.07 21:50:00.272,12.1048,12.1107,0.00,0.00
2015.01.07 21:50:01.707,12.10479,12.11071,0.00,0.00
2015.01.07 21:50:02.602,12.10479,12.10981,0.00,0.00
2015.01.07 21:50:03.731,12.1048,12.1097,0.00,0.00
2015.01.07 21:50:04.548,12.10479,12.10971,0.00,0.00
2015.01.07 21:50:10.609,12.10479,12.10931,0.00,0.00
2015.01.07 21:50:10.660,12.10409,12.10931,0.00,0.00
2015.01.07 21:50:14.945,12.10409,12.10771,0.00,0.00
2015.01.07 21:50:15.252,12.10288,12.10771,0.00,0.00
2015.01.07 21:50:15.445,12.10279,12.10771,0.00,0.00
2015.01.07 21:50:16.928,12.1028,12.1077,0.00,0.00
2015.01.07 21:50:17.451,12.10279,12.10771,0.00,0.00
2015.01.07 21:50:18.735,12.10259,12.10771,0.00,0.00
2015.01.07 21:50:19.513,12.10259,12.1077,0.00,0.00
2015.01.07 21:50:20.219,12.10259,12.10771,0.00,0.00
2015.01.07 21:50:21.566,12.10198,12.10722,0.00,0.00
2015.01.07 21:50:23.406,12.10229,12.10722,0.00,0.00
2015.01.07 21:50:23.507,12.10258,12.10782,0.00,0.00
2015.01.07 21:50:23.590,12.10308,12.10832,0.00,0.00
2015.01.07 21:50:59.606,12.10358,12.10882,0.00,0.00
2015.01.07 21:51:00.063,12.10408,12.10932,0.00,0.00
2015.01.07 21:51:59.808,12.10331,12.1097,0.00,0.00
2015.01.07 21:52:00.518,12.10331,12.10971,0.00,0.00
2015.01.07 21:52:02.282,12.10331,12.1097,0.00,0.00
2015.01.07 21:52:02.898,12.10331,12.10971,0.00,0.00
2015.01.07 21:52:04.279,12.10331,12.1097,0.00,0.00
2015.01.07 21:52:04.988,12.10331,12.10971,0.00,0.00
2015.01.07 21:52:06.920,12.10331,12.1097,0.00,0.00
2015.01.07 21:52:08.583,12.10331,12.10971,0.00,0.00
2015.01.07 21:52:09.968,12.10331,12.1097,0.00,0.00
2015.01.07 21:52:10.679,12.10331,12.10971,0.00,0.00
2015.01.07 21:52:17.829,12.10331,12.1097,0.00,0.00
2015.01.07 21:52:18.435,12.10331,12.10971,0.00,0.00
2015.01.07 21:52:20.165,12.10331,12.1097,0.00,0.00
2015.01.07 21:52:22.191,12.10331,12.10971,0.00,0.00
2015.01.07 21:52:23.314,12.10331,12.1097,0.00,0.00
2015.01.07 21:52:25.145,12.10331,12.10971,0.00,0.00
2015.01.07 21:52:25.872,12.10331,12.1097,0.00,0.00
2015.01.07 21:52:29.709,12.10331,12.10971,0.00,0.00
2015.01.07 21:52:32.801,12.10331,12.1097,0.00,0.00
2015.01.07 21:52:35.495,12.10331,12.10971,0.00,0.00
2015.01.07 21:52:36.158,12.10331,12.1097,0.00,0.00
2015.01.07 21:52:36.820,12.10331,12.10971,0.00,0.00
2015.01.07 21:52:37.481,12.10331,12.1097,0.00,0.00
2015.01.07 21:52:38.521,12.10331,12.10971,0.00,0.00
2015.01.07 21:52:40.410,12.10331,12.1097,0.00,0.00
2015.01.07 21:52:41.162,12.10331,12.10971,0.00,0.00
2015.01.07 21:52:42.239,12.10331,12.1097,0.00,0.00
2015.01.07 21:52:43.045,12.10331,12.10971,0.00,0.00
2015.01.07 21:52:44.381,12.10331,12.1097,0.00,0.00
2015.01.07 21:52:45.036,12.10331,12.10971,0.00,0.00
2015.01.07 21:52:46.084,12.10331,12.1097,0.00,0.00
2015.01.07 21:52:46.795,12.10331,12.10971,0.00,0.00
2015.01.07 21:52:49.896,12.10331,12.1097,0.00,0.00
2015.01.07 21:52:50.415,12.10332,12.1097,0.00,0.00
2015.01.07 21:52:51.818,12.10332,12.10971,0.00,0.00
2015.01.07 21:52:52.917,12.10329,12.10971,0.00,0.00
2015.01.07 21:53:00.169,12.1033,12.1097,0.00,0.00
2015.01.07 21:53:01.901,12.10329,12.10971,0.00,0.00
2015.01.07 21:53:02.560,12.1033,12.1097,0.00,0.00
2015.01.07 21:53:03.176,12.10329,12.10971,0.00,0.00
2015.01.07 21:53:03.696,12.1033,12.1097,0.00,0.00
2015.01.07 21:53:04.211,12.10329,12.10971,0.00,0.00
2015.01.07 21:53:10.847,12.1033,12.1097,0.00,0.00
2015.01.07 21:53:13.387,12.10329,12.10971,0.00,0.00
2015.01.07 21:53:18.382,12.1033,12.1097,0.00,0.00
2015.01.07 21:53:20.317,12.10329,12.10971,0.00,0.00
2015.01.07 21:53:22.959,12.1033,12.1097,0.00,0.00
2015.01.07 21:53:24.121,12.10329,12.10971,0.00,0.00
2015.01.07 21:53:24.791,12.1033,12.1097,0.00,0.00
2015.01.07 21:53:26.769,12.10329,12.10971,0.00,0.00
2015.01.07 21:53:28.711,12.1033,12.1097,0.00,0.00
2015.01.07 21:53:29.781,12.10329,12.10971,0.00,0.00
2015.01.07 21:53:36.195,12.1033,12.1097,0.00,0.00
2015.01.07 21:53:38.137,12.10329,12.10971,0.00,0.00
2015.01.07 21:53:39.346,12.1033,12.1097,0.00,0.00
2015.01.07 21:53:40.125,12.10329,12.10971,0.00,0.00
2015.01.07 21:53:43.147,12.1033,12.1097,0.00,0.00
2015.01.07 21:53:43.809,12.10329,12.10971,0.00,0.00
2015.01.07 21:53:46.048,12.1033,12.1097,0.00,0.00
2015.01.07 21:53:46.584,12.10458,12.10971,0.00,0.00
2015.01.07 21:53:47.168,12.10458,12.1097,0.00,0.00
2015.01.07 21:53:48.484,12.10458,12.10971,0.00,0.00
2015.01.07 21:53:54.180,12.10458,12.1097,0.00,0.00
2015.01.07 21:53:55.325,12.10508,12.11032,0.00,0.00
2015.01.07 21:54:47.215,12.1053,12.11032,0.00,0.00
2015.01.07 21:54:47.265,12.10558,12.1107,0.00,0.00
2015.01.07 21:54:48.607,12.10558,12.11071,0.00,0.00
2015.01.07 21:54:54.841,12.10558,12.1107,0.00,0.00
2015.01.07 21:54:56.782,12.10558,12.11071,0.00,0.00
2015.01.07 21:54:59.323,12.10558,12.1107,0.00,0.00
2015.01.07 21:54:59.735,12.1061,12.11131,0.00,0.00
2015.01.07 21:54:59.836,12.10648,12.11171,0.00,0.00
2015.01.07 21:55:00.024,12.10608,12.11132,0.00,0.00
2015.01.07 21:55:05.024,12.1057,12.11082,0.00,0.00
2015.01.07 21:55:05.074,12.10558,12.11082,0.00,0.00
2015.01.07 21:55:05.125,12.10608,12.11132,0.00,0.00
2015.01.07 21:55:26.645,12.10589,12.11081,0.00,0.00
2015.01.07 21:55:26.762,12.10559,12.11081,0.00,0.00
2015.01.07 21:55:27.207,12.10541,12.11031,0.00,0.00
2015.01.07 21:55:27.258,12.10509,12.11031,0.00,0.00
2015.01.07 21:55:35.257,12.10558,12.11082,0.00,0.00
2015.01.07 21:55:57.555,12.10668,12.11121,0.00,0.00
2015.01.07 21:55:59.901,12.10668,12.1112,0.00,0.00
2015.01.07 21:56:01.836,12.10668,12.11121,0.00,0.00
2015.01.07 21:56:04.097,12.10668,12.1112,0.00,0.00
2015.01.07 21:56:05.642,12.10668,12.11121,0.00,0.00
2015.01.07 21:56:17.433,12.10668,12.1112,0.00,0.00
2015.01.07 21:56:18.986,12.10668,12.11121,0.00,0.00
2015.01.07 21:56:22.735,12.10668,12.1112,0.00,0.00
2015.01.07 21:56:28.526,12.10668,12.11121,0.00,0.00
2015.01.07 21:56:32.312,12.10668,12.1112,0.00,0.00
2015.01.07 21:56:34.229,12.10668,12.11121,0.00,0.00
2015.01.07 21:56:40.933,12.10668,12.1112,0.00,0.00
2015.01.07 21:56:41.837,12.10668,12.11121,0.00,0.00
2015.01.07 21:56:44.202,12.10668,12.1112,0.00,0.00
2015.01.07 21:56:45.605,12.10668,12.11121,0.00,0.00
2015.01.07 21:56:47.736,12.10719,12.1112,0.00,0.00
2015.01.07 21:56:49.637,12.10719,12.11121,0.00,0.00
2015.01.07 21:56:51.569,12.10719,12.1112,0.00,0.00
2015.01.07 21:56:53.519,12.10719,12.11121,0.00,0.00
2015.01.07 21:56:55.324,12.10719,12.1112,0.00,0.00
2015.01.07 21:56:59.185,12.10719,12.11121,0.00,0.00
2015.01.07 21:57:00.143,12.10659,12.11121,0.00,0.00
2015.01.07 21:57:01.006,12.10659,12.1112,0.00,0.00
2015.01.07 21:57:02.215,12.10659,12.11121,0.00,0.00
2015.01.07 21:57:06.780,12.10659,12.1112,0.00,0.00
2015.01.07 21:57:12.442,12.10659,12.11121,0.00,0.00
2015.01.07 21:57:12.793,12.10709,12.1112,0.00,0.00
2015.01.07 21:57:15.409,12.10709,12.11121,0.00,0.00
2015.01.07 21:57:16.906,12.10709,12.1112,0.00,0.00
2015.01.07 21:57:18.632,12.10709,12.11121,0.00,0.00
2015.01.07 21:57:22.390,12.10709,12.1112,0.00,0.00
2015.01.07 21:57:22.721,12.10799,12.1112,0.00,0.00
2015.01.07 21:57:23.293,12.10799,12.11121,0.00,0.00
2015.01.07 21:57:29.950,12.10799,12.1112,0.00,0.00
2015.01.07 21:57:33.802,12.10799,12.11121,0.00,0.00
2015.01.07 21:57:35.617,12.10799,12.1112,0.00,0.00
2015.01.07 21:57:38.375,12.10799,12.11121,0.00,0.00
2015.01.07 21:57:39.505,12.10799,12.1112,0.00,0.00
2015.01.07 21:57:40.289,12.10799,12.11121,0.00,0.00
2015.01.07 21:57:42.215,12.10799,12.1112,0.00,0.00
2015.01.07 21:57:43.224,12.10799,12.11121,0.00,0.00
2015.01.07 21:57:47.033,12.10799,12.1112,0.00,0.00
2015.01.07 21:57:48.959,12.10799,12.11121,0.00,0.00
2015.01.07 21:57:51.036,12.10799,12.1112,0.00,0.00
2015.01.07 21:57:51.343,12.10818,12.1122,0.00,0.00
2015.01.07 21:57:51.444,12.10869,12.1122,0.00,0.00
2015.01.07 21:57:51.946,12.10929,12.1122,0.00,0.00
2015.01.07 21:57:55.602,12.10929,12.11221,0.00,0.00
2015.01.07 21:57:57.186,12.10929,12.1122,0.00,0.00
2015.01.07 21:57:57.939,12.10978,12.1122,0.00,0.00
2015.01.07 21:57:58.040,12.10978,12.11371,0.00,0.00
2015.01.07 21:57:58.140,12.11028,12.11371,0.00,0.00
2015.01.07 21:57:59.946,12.11028,12.1137,0.00,0.00
2015.01.07 21:58:00.147,12.11028,12.11476,0.00,0.00
2015.01.07 21:58:10.652,12.11078,12.11476,0.00,0.00
2015.01.07 21:58:10.703,12.11078,12.11551,0.00,0.00
2015.01.07 21:58:10.762,12.11128,12.11551,0.00,0.00
2015.01.07 21:58:10.813,12.11128,12.11578,0.00,0.00
2015.01.07 21:58:11.253,12.11128,12.11602,0.00,0.00
2015.01.07 21:58:27.644,12.11128,12.11622,0.00,0.00
2015.01.07 21:58:58.945,12.11128,12.11611,0.00,0.00
2015.01.07 21:59:01.701,12.11128,12.1161,0.00,0.00
2015.01.07 21:59:01.805,12.11128,12.11622,0.00,0.00
2015.01.07 21:59:07.871,12.11228,12.11705,0.00,0.00
2015.01.07 21:59:07.972,12.11228,12.11708,0.00,0.00
2015.01.07 21:59:08.305,12.11228,12.11722,0.00,0.00
2015.01.07 21:59:17.484,12.11318,12.11789,0.00,0.00
2015.01.07 21:59:17.585,12.11318,12.11822,0.00,0.00
2015.01.07 21:59:27.959,12.11428,12.11863,0.00,0.00
2015.01.07 21:59:28.009,12.11428,12.11922,0.00,0.00
2015.01.07 21:59:30.458,12.11181,12.11935,0.00,0.00
2015.01.07 21:59:39.925,12.11181,12.11979,0.00,0.00
2015.01.07 21:59:40.270,12.11101,12.11889,0.00,0.00
2015.01.07 21:59:52.591,12.11011,12.11809,0.00,0.00
2015.01.07 21:59:53.004,12.10881,12.11669,0.00,0.00
2015.01.07 21:59:54.095,12.10962,12.11748,0.00,0.00
