2015.03.17 16:00:00.212,11.49363,11.49561,0.00,0.00
2015.03.17 16:00:00.262,11.49363,11.49671,0.00,0.00
2015.03.17 16:00:00.313,11.49382,11.49671,0.00,0.00
2015.03.17 16:00:00.583,11.49458,11.49769,0.00,0.00
2015.03.17 16:00:00.634,11.49458,11.49771,0.00,0.00
2015.03.17 16:00:00.684,11.49432,11.49731,0.00,0.00
2015.03.17 16:00:01.317,11.49499,11.49799,0.00,0.00
2015.03.17 16:00:01.421,11.4953,11.49799,0.00,0.00
2015.03.17 16:00:01.472,11.49548,11.49831,0.00,0.00
2015.03.17 16:00:01.524,11.49548,11.49872,0.00,0.00
2015.03.17 16:00:01.678,11.49499,11.49821,0.00,0.00
2015.03.17 16:00:02.037,11.49549,11.49821,0.00,0.00
2015.03.17 16:00:02.088,11.49549,11.49872,0.00,0.00
2015.03.17 16:00:02.690,11.49548,11.49872,0.00,0.00
2015.03.17 16:00:02.972,11.49532,11.49821,0.00,0.00
2015.03.17 16:00:03.022,11.49501,11.49821,0.00,0.00
2015.03.17 16:00:03.141,11.49499,11.49821,0.00,0.00
2015.03.17 16:00:03.743,11.49461,11.4978,0.00,0.00
2015.03.17 16:00:03.794,11.49458,11.49778,0.00,0.00
2015.03.17 16:00:03.895,11.49408,11.49732,0.00,0.00
2015.03.17 16:00:04.102,11.49478,11.49781,0.00,0.00
2015.03.17 16:00:04.203,11.49459,11.49781,0.00,0.00
2015.03.17 16:00:05.697,11.49238,11.49521,0.00,0.00
2015.03.17 16:00:05.751,11.49238,11.49562,0.00,0.00
2015.03.17 16:00:06.531,11.49257,11.49562,0.00,0.00
2015.03.17 16:00:08.135,11.49257,11.49561,0.00,0.00
2015.03.17 16:00:08.246,11.49298,11.49621,0.00,0.00
2015.03.17 16:00:08.785,11.49298,11.49622,0.00,0.00
2015.03.17 16:00:08.836,11.49361,11.49671,0.00,0.00
2015.03.17 16:00:08.948,11.49459,11.49781,0.00,0.00
2015.03.17 16:00:09.258,11.49498,11.49819,0.00,0.00
2015.03.17 16:00:09.459,11.49648,11.49972,0.00,0.00
2015.03.17 16:00:11.195,11.49679,11.49972,0.00,0.00
2015.03.17 16:00:11.246,11.49703,11.50022,0.00,0.00
2015.03.17 16:00:11.347,11.49739,11.50061,0.00,0.00
2015.03.17 16:00:12.307,11.49739,11.5005,0.00,0.00
2015.03.17 16:00:12.358,11.49698,11.50022,0.00,0.00
2015.03.17 16:00:12.408,11.49698,11.50001,0.00,0.00
2015.03.17 16:00:12.459,11.49599,11.49921,0.00,0.00
2015.03.17 16:00:12.769,11.49572,11.49872,0.00,0.00
2015.03.17 16:00:12.819,11.49548,11.49872,0.00,0.00
2015.03.17 16:00:13.238,11.49601,11.49921,0.00,0.00
2015.03.17 16:00:13.723,11.49615,11.49922,0.00,0.00
2015.03.17 16:00:14.077,11.49615,11.49871,0.00,0.00
2015.03.17 16:00:14.128,11.49599,11.49871,0.00,0.00
2015.03.17 16:00:14.882,11.49559,11.49871,0.00,0.00
2015.03.17 16:00:14.932,11.49577,11.49871,0.00,0.00
2015.03.17 16:00:15.046,11.49556,11.49871,0.00,0.00
2015.03.17 16:00:15.776,11.49573,11.49871,0.00,0.00
2015.03.17 16:00:16.076,11.49549,11.49871,0.00,0.00
2015.03.17 16:00:18.388,11.49579,11.49871,0.00,0.00
2015.03.17 16:00:18.589,11.49648,11.49972,0.00,0.00
2015.03.17 16:00:20.303,11.49561,11.49821,0.00,0.00
2015.03.17 16:00:20.404,11.49458,11.4972,0.00,0.00
2015.03.17 16:00:20.505,11.49458,11.49782,0.00,0.00
2015.03.17 16:00:20.706,11.49499,11.49821,0.00,0.00
2015.03.17 16:00:21.261,11.49458,11.49782,0.00,0.00
2015.03.17 16:00:21.362,11.49463,11.49782,0.00,0.00
2015.03.17 16:00:21.463,11.49499,11.49821,0.00,0.00
2015.03.17 16:00:21.666,11.49492,11.49781,0.00,0.00
2015.03.17 16:00:21.767,11.49479,11.49781,0.00,0.00
2015.03.17 16:00:21.887,11.49499,11.4982,0.00,0.00
2015.03.17 16:00:21.988,11.49534,11.4982,0.00,0.00
2015.03.17 16:00:22.522,11.49534,11.49821,0.00,0.00
2015.03.17 16:00:22.575,11.49555,11.49861,0.00,0.00
2015.03.17 16:00:22.676,11.49589,11.49872,0.00,0.00
2015.03.17 16:00:22.780,11.49598,11.49901,0.00,0.00
2015.03.17 16:00:22.831,11.49598,11.49909,0.00,0.00
2015.03.17 16:00:22.882,11.4965,11.49909,0.00,0.00
2015.03.17 16:00:22.933,11.4965,11.49972,0.00,0.00
2015.03.17 16:00:23.098,11.4965,11.49922,0.00,0.00
2015.03.17 16:00:23.198,11.49605,11.49922,0.00,0.00
2015.03.17 16:00:23.249,11.49605,11.4991,0.00,0.00
2015.03.17 16:00:23.299,11.49598,11.4991,0.00,0.00
2015.03.17 16:00:23.350,11.49573,11.49872,0.00,0.00
2015.03.17 16:00:24.361,11.49592,11.49872,0.00,0.00
2015.03.17 16:00:24.461,11.49598,11.49922,0.00,0.00
2015.03.17 16:00:24.512,11.49624,11.49922,0.00,0.00
2015.03.17 16:00:26.866,11.49648,11.49968,0.00,0.00
2015.03.17 16:00:26.967,11.49624,11.49921,0.00,0.00
2015.03.17 16:00:27.619,11.49648,11.49968,0.00,0.00
2015.03.17 16:00:27.725,11.4969,11.49972,0.00,0.00
2015.03.17 16:00:28.787,11.49664,11.49972,0.00,0.00
2015.03.17 16:00:29.644,11.49665,11.49972,0.00,0.00
2015.03.17 16:00:30.702,11.49663,11.49972,0.00,0.00
2015.03.17 16:00:32.017,11.49679,11.49972,0.00,0.00
2015.03.17 16:00:32.704,11.49664,11.49972,0.00,0.00
2015.03.17 16:00:33.432,11.4968,11.49972,0.00,0.00
2015.03.17 16:00:33.658,11.49665,11.49972,0.00,0.00
2015.03.17 16:00:36.165,11.49681,11.49972,0.00,0.00
2015.03.17 16:00:36.719,11.49668,11.49972,0.00,0.00
2015.03.17 16:00:36.995,11.49731,11.50012,0.00,0.00
2015.03.17 16:00:37.096,11.49775,11.50062,0.00,0.00
2015.03.17 16:00:37.323,11.49798,11.50119,0.00,0.00
2015.03.17 16:00:37.374,11.49821,11.50122,0.00,0.00
2015.03.17 16:00:37.677,11.4983,11.50122,0.00,0.00
2015.03.17 16:00:37.778,11.498,11.50122,0.00,0.00
2015.03.17 16:00:37.986,11.49828,11.50122,0.00,0.00
2015.03.17 16:00:38.240,11.49803,11.50122,0.00,0.00
2015.03.17 16:00:38.749,11.49817,11.50122,0.00,0.00
2015.03.17 16:00:39.152,11.49872,11.50122,0.00,0.00
2015.03.17 16:00:39.203,11.49872,11.50172,0.00,0.00
2015.03.17 16:00:39.253,11.4996,11.50172,0.00,0.00
2015.03.17 16:00:39.304,11.4996,11.50231,0.00,0.00
2015.03.17 16:00:39.405,11.4996,11.50282,0.00,0.00
2015.03.17 16:00:39.752,11.50001,11.50282,0.00,0.00
2015.03.17 16:00:40.004,11.50049,11.50371,0.00,0.00
2015.03.17 16:00:41.616,11.50148,11.50472,0.00,0.00
2015.03.17 16:00:41.825,11.50202,11.50522,0.00,0.00
2015.03.17 16:00:42.380,11.50201,11.50522,0.00,0.00
2015.03.17 16:00:42.484,11.50238,11.50562,0.00,0.00
2015.03.17 16:00:42.588,11.50209,11.50521,0.00,0.00
2015.03.17 16:00:42.741,11.50201,11.50521,0.00,0.00
2015.03.17 16:00:43.024,11.50238,11.50562,0.00,0.00
2015.03.17 16:00:43.075,11.50238,11.50521,0.00,0.00
2015.03.17 16:00:43.176,11.50161,11.50472,0.00,0.00
2015.03.17 16:00:43.355,11.5013,11.50421,0.00,0.00
2015.03.17 16:00:43.405,11.50099,11.5042,0.00,0.00
2015.03.17 16:00:43.455,11.50071,11.50371,0.00,0.00
2015.03.17 16:00:44.255,11.50052,11.50371,0.00,0.00
2015.03.17 16:00:45.025,11.50098,11.50422,0.00,0.00
2015.03.17 16:00:45.097,11.50148,11.50458,0.00,0.00
2015.03.17 16:00:45.148,11.50148,11.50472,0.00,0.00
2015.03.17 16:00:46.874,11.50112,11.5042,0.00,0.00
2015.03.17 16:00:46.925,11.50099,11.5042,0.00,0.00
2015.03.17 16:00:47.067,11.50049,11.50371,0.00,0.00
2015.03.17 16:00:47.529,11.50042,11.50322,0.00,0.00
2015.03.17 16:00:47.580,11.49998,11.50322,0.00,0.00
2015.03.17 16:00:47.630,11.49983,11.50282,0.00,0.00
2015.03.17 16:00:47.680,11.49958,11.50282,0.00,0.00
2015.03.17 16:00:47.973,11.49951,11.50172,0.00,0.00
2015.03.17 16:00:48.024,11.49909,11.50172,0.00,0.00
2015.03.17 16:00:48.125,11.49848,11.50172,0.00,0.00
2015.03.17 16:00:52.727,11.49908,11.50221,0.00,0.00
2015.03.17 16:00:52.777,11.49908,11.50232,0.00,0.00
2015.03.17 16:00:52.828,11.49958,11.50282,0.00,0.00
2015.03.17 16:00:53.236,11.49927,11.50231,0.00,0.00
2015.03.17 16:00:53.408,11.49909,11.50231,0.00,0.00
2015.03.17 16:00:54.353,11.49959,11.50281,0.00,0.00
2015.03.17 16:00:56.664,11.49908,11.50232,0.00,0.00
2015.03.17 16:00:57.882,11.49862,11.50172,0.00,0.00
2015.03.17 16:00:57.933,11.49848,11.50172,0.00,0.00
2015.03.17 16:00:58.034,11.49865,11.50172,0.00,0.00
2015.03.17 16:00:58.962,11.49854,11.50172,0.00,0.00
2015.03.17 16:00:59.013,11.49848,11.50172,0.00,0.00
2015.03.17 16:00:59.829,11.49857,11.50172,0.00,0.00
2015.03.17 16:01:00.465,11.49848,11.50172,0.00,0.00
2015.03.17 16:01:00.733,11.49857,11.50172,0.00,0.00
2015.03.17 16:01:02.638,11.49888,11.50172,0.00,0.00
2015.03.17 16:01:04.284,11.49932,11.50172,0.00,0.00
2015.03.17 16:01:04.335,11.49959,11.50281,0.00,0.00
2015.03.17 16:01:05.144,11.49967,11.50281,0.00,0.00
2015.03.17 16:01:05.594,11.5009,11.50372,0.00,0.00
2015.03.17 16:01:05.987,11.50077,11.50372,0.00,0.00
2015.03.17 16:01:06.194,11.50062,11.50372,0.00,0.00
2015.03.17 16:01:06.648,11.50077,11.50372,0.00,0.00
2015.03.17 16:01:07.249,11.50078,11.50372,0.00,0.00
2015.03.17 16:01:07.550,11.50089,11.50372,0.00,0.00
2015.03.17 16:01:08.051,11.50063,11.50372,0.00,0.00
2015.03.17 16:01:08.452,11.50076,11.50372,0.00,0.00
2015.03.17 16:01:09.500,11.5006,11.50372,0.00,0.00
2015.03.17 16:01:09.784,11.50076,11.50372,0.00,0.00
2015.03.17 16:01:14.665,11.50064,11.50372,0.00,0.00
2015.03.17 16:01:16.068,11.50089,11.50372,0.00,0.00
2015.03.17 16:01:18.658,11.50058,11.50372,0.00,0.00
2015.03.17 16:01:18.711,11.50068,11.50372,0.00,0.00
2015.03.17 16:01:19.224,11.50083,11.50372,0.00,0.00
2015.03.17 16:01:19.276,11.50069,11.50372,0.00,0.00
2015.03.17 16:01:19.377,11.50058,11.50372,0.00,0.00
2015.03.17 16:01:20.379,11.50064,11.50372,0.00,0.00
2015.03.17 16:01:21.682,11.50058,11.50372,0.00,0.00
2015.03.17 16:01:22.284,11.50067,11.50372,0.00,0.00
2015.03.17 16:01:23.287,11.50058,11.50372,0.00,0.00
2015.03.17 16:01:24.322,11.50043,11.50322,0.00,0.00
2015.03.17 16:01:24.423,11.49962,11.50272,0.00,0.00
2015.03.17 16:01:24.698,11.49966,11.50272,0.00,0.00
2015.03.17 16:01:25.000,11.49896,11.50172,0.00,0.00
2015.03.17 16:01:25.050,11.49868,11.50172,0.00,0.00
2015.03.17 16:01:25.585,11.49867,11.50172,0.00,0.00
2015.03.17 16:01:25.635,11.49867,11.50112,0.00,0.00
2015.03.17 16:01:25.736,11.49768,11.50061,0.00,0.00
2015.03.17 16:01:26.909,11.49788,11.50061,0.00,0.00
2015.03.17 16:01:27.010,11.49764,11.50061,0.00,0.00
2015.03.17 16:01:27.211,11.49779,11.50061,0.00,0.00
2015.03.17 16:01:28.516,11.49765,11.50061,0.00,0.00
2015.03.17 16:01:30.784,11.49765,11.50011,0.00,0.00
2015.03.17 16:01:30.835,11.49699,11.50011,0.00,0.00
2015.03.17 16:01:33.205,11.49748,11.50062,0.00,0.00
2015.03.17 16:01:33.306,11.49732,11.50011,0.00,0.00
2015.03.17 16:01:33.406,11.49699,11.50011,0.00,0.00
2015.03.17 16:01:33.457,11.49654,11.49961,0.00,0.00
2015.03.17 16:01:33.874,11.49677,11.49961,0.00,0.00
2015.03.17 16:01:33.976,11.49651,11.49961,0.00,0.00
2015.03.17 16:01:34.329,11.49656,11.49961,0.00,0.00
2015.03.17 16:01:34.735,11.49651,11.49961,0.00,0.00
2015.03.17 16:01:35.452,11.49656,11.49961,0.00,0.00
2015.03.17 16:01:36.715,11.49698,11.50012,0.00,0.00
2015.03.17 16:01:36.816,11.49732,11.50012,0.00,0.00
2015.03.17 16:01:36.866,11.49748,11.50062,0.00,0.00
2015.03.17 16:01:37.485,11.49732,11.50012,0.00,0.00
2015.03.17 16:01:37.636,11.49748,11.50062,0.00,0.00
2015.03.17 16:01:37.686,11.49758,11.50062,0.00,0.00
2015.03.17 16:01:38.192,11.49759,11.50062,0.00,0.00
2015.03.17 16:01:38.664,11.49778,11.50062,0.00,0.00
2015.03.17 16:01:40.264,11.49803,11.50111,0.00,0.00
2015.03.17 16:01:40.315,11.49809,11.50111,0.00,0.00
2015.03.17 16:01:40.785,11.49886,11.50171,0.00,0.00
2015.03.17 16:01:41.282,11.49879,11.50171,0.00,0.00
2015.03.17 16:01:41.383,11.49859,11.50171,0.00,0.00
2015.03.17 16:01:42.989,11.49908,11.50202,0.00,0.00
2015.03.17 16:01:43.090,11.49908,11.50222,0.00,0.00
2015.03.17 16:01:43.426,11.49959,11.50251,0.00,0.00
2015.03.17 16:01:43.575,11.49959,11.50267,0.00,0.00
2015.03.17 16:01:43.645,11.49941,11.50222,0.00,0.00
2015.03.17 16:01:43.746,11.49923,11.50222,0.00,0.00
2015.03.17 16:01:43.874,11.49862,11.50172,0.00,0.00
2015.03.17 16:01:44.066,11.49879,11.50172,0.00,0.00
2015.03.17 16:01:44.167,11.49862,11.50172,0.00,0.00
2015.03.17 16:01:44.469,11.49862,11.50152,0.00,0.00
2015.03.17 16:01:44.670,11.49799,11.50111,0.00,0.00
2015.03.17 16:01:44.771,11.49801,11.50062,0.00,0.00
2015.03.17 16:01:44.872,11.49788,11.50062,0.00,0.00
2015.03.17 16:01:44.981,11.49761,11.50062,0.00,0.00
2015.03.17 16:01:48.531,11.49761,11.50012,0.00,0.00
2015.03.17 16:01:48.632,11.49748,11.50062,0.00,0.00
2015.03.17 16:01:48.750,11.4976,11.50062,0.00,0.00
2015.03.17 16:01:49.052,11.49763,11.50062,0.00,0.00
2015.03.17 16:01:49.574,11.49748,11.50062,0.00,0.00
2015.03.17 16:01:50.112,11.49765,11.50062,0.00,0.00
2015.03.17 16:01:50.315,11.49748,11.50062,0.00,0.00
2015.03.17 16:01:51.016,11.49748,11.50011,0.00,0.00
2015.03.17 16:01:51.066,11.49742,11.50006,0.00,0.00
2015.03.17 16:01:51.117,11.49699,11.50006,0.00,0.00
2015.03.17 16:01:51.167,11.49699,11.49993,0.00,0.00
2015.03.17 16:01:51.269,11.49652,11.49962,0.00,0.00
2015.03.17 16:01:51.420,11.49663,11.49962,0.00,0.00
2015.03.17 16:01:51.521,11.49652,11.49962,0.00,0.00
2015.03.17 16:01:51.663,11.49648,11.49962,0.00,0.00
2015.03.17 16:01:51.823,11.49666,11.49962,0.00,0.00
2015.03.17 16:01:52.134,11.49681,11.49962,0.00,0.00
2015.03.17 16:01:52.544,11.49656,11.49962,0.00,0.00
2015.03.17 16:01:52.733,11.4967,11.49962,0.00,0.00
2015.03.17 16:01:53.053,11.49684,11.49962,0.00,0.00
2015.03.17 16:01:53.330,11.49651,11.49962,0.00,0.00
2015.03.17 16:01:53.430,11.49684,11.49962,0.00,0.00
2015.03.17 16:01:53.758,11.49652,11.49962,0.00,0.00
2015.03.17 16:01:54.574,11.49657,11.49962,0.00,0.00
2015.03.17 16:01:55.555,11.49688,11.49962,0.00,0.00
2015.03.17 16:01:55.658,11.49666,11.49962,0.00,0.00
2015.03.17 16:01:55.936,11.49682,11.49962,0.00,0.00
2015.03.17 16:01:57.205,11.49681,11.49962,0.00,0.00
2015.03.17 16:01:57.356,11.49631,11.4992,0.00,0.00
2015.03.17 16:01:57.459,11.49576,11.49871,0.00,0.00
2015.03.17 16:01:57.639,11.49588,11.49871,0.00,0.00
2015.03.17 16:01:57.740,11.49577,11.49871,0.00,0.00
2015.03.17 16:01:58.040,11.49588,11.49871,0.00,0.00
2015.03.17 16:01:59.684,11.49578,11.49871,0.00,0.00
2015.03.17 16:01:59.734,11.49578,11.49822,0.00,0.00
2015.03.17 16:01:59.785,11.49531,11.49822,0.00,0.00
2015.03.17 16:01:59.886,11.49511,11.49822,0.00,0.00
2015.03.17 16:02:00.186,11.49458,11.49772,0.00,0.00
2015.03.17 16:02:00.947,11.49431,11.49722,0.00,0.00
2015.03.17 16:02:02.414,11.49431,11.49648,0.00,0.00
2015.03.17 16:02:02.465,11.49248,11.49562,0.00,0.00
2015.03.17 16:02:07.453,11.49232,11.49462,0.00,0.00
2015.03.17 16:02:07.554,11.49248,11.49489,0.00,0.00
2015.03.17 16:02:08.112,11.49248,11.49562,0.00,0.00
2015.03.17 16:02:08.943,11.49299,11.49589,0.00,0.00
2015.03.17 16:02:09.202,11.49458,11.49772,0.00,0.00
2015.03.17 16:02:09.263,11.49471,11.49772,0.00,0.00
2015.03.17 16:02:09.643,11.49531,11.49772,0.00,0.00
2015.03.17 16:02:09.743,11.49561,11.4987,0.00,0.00
2015.03.17 16:02:09.794,11.49561,11.49872,0.00,0.00
2015.03.17 16:02:10.622,11.49661,11.49889,0.00,0.00
2015.03.17 16:02:10.672,11.49661,11.49921,0.00,0.00
2015.03.17 16:02:10.723,11.49661,11.49962,0.00,0.00
2015.03.17 16:02:10.828,11.49648,11.49962,0.00,0.00
2015.03.17 16:02:11.546,11.49661,11.49962,0.00,0.00
2015.03.17 16:02:12.808,11.49661,11.49921,0.00,0.00
2015.03.17 16:02:12.909,11.49581,11.49872,0.00,0.00
2015.03.17 16:02:16.767,11.49608,11.49922,0.00,0.00
2015.03.17 16:02:20.279,11.49648,11.49962,0.00,0.00
2015.03.17 16:02:21.203,11.4961,11.49922,0.00,0.00
2015.03.17 16:02:21.254,11.49608,11.49922,0.00,0.00
2015.03.17 16:02:22.821,11.49649,11.49961,0.00,0.00
2015.03.17 16:02:26.773,11.49622,11.49921,0.00,0.00
2015.03.17 16:02:26.874,11.49609,11.49921,0.00,0.00
2015.03.17 16:02:30.768,11.49622,11.49921,0.00,0.00
2015.03.17 16:02:30.818,11.49648,11.49962,0.00,0.00
2015.03.17 16:02:30.974,11.49622,11.49922,0.00,0.00
2015.03.17 16:02:31.175,11.49649,11.49961,0.00,0.00
2015.03.17 16:02:31.714,11.49642,11.49922,0.00,0.00
2015.03.17 16:02:31.764,11.49622,11.49922,0.00,0.00
2015.03.17 16:02:31.815,11.49608,11.49922,0.00,0.00
2015.03.17 16:02:32.225,11.49621,11.49922,0.00,0.00
2015.03.17 16:02:33.328,11.49608,11.49922,0.00,0.00
2015.03.17 16:02:33.429,11.49623,11.49922,0.00,0.00
2015.03.17 16:02:34.359,11.49648,11.49962,0.00,0.00
2015.03.17 16:02:34.460,11.49679,11.49962,0.00,0.00
2015.03.17 16:02:34.931,11.49656,11.49962,0.00,0.00
2015.03.17 16:02:35.677,11.49675,11.49962,0.00,0.00
2015.03.17 16:02:37.344,11.49693,11.49962,0.00,0.00
2015.03.17 16:02:37.459,11.49678,11.49962,0.00,0.00
2015.03.17 16:02:40.411,11.49678,11.49922,0.00,0.00
2015.03.17 16:02:40.462,11.49657,11.49922,0.00,0.00
2015.03.17 16:02:40.562,11.49606,11.49872,0.00,0.00
2015.03.17 16:02:40.663,11.49639,11.49922,0.00,0.00
2015.03.17 16:02:41.074,11.49614,11.49922,0.00,0.00
2015.03.17 16:02:45.554,11.49639,11.49922,0.00,0.00
2015.03.17 16:02:46.432,11.49639,11.49871,0.00,0.00
2015.03.17 16:02:46.483,11.49589,11.49859,0.00,0.00
2015.03.17 16:02:46.534,11.49589,11.49822,0.00,0.00
2015.03.17 16:02:46.634,11.49589,11.49872,0.00,0.00
2015.03.17 16:02:55.192,11.49589,11.49821,0.00,0.00
2015.03.17 16:02:55.293,11.49573,11.49821,0.00,0.00
2015.03.17 16:02:55.394,11.49538,11.49821,0.00,0.00
2015.03.17 16:03:01.422,11.49489,11.49772,0.00,0.00
2015.03.17 16:03:05.592,11.49459,11.49772,0.00,0.00
2015.03.17 16:03:05.823,11.4948,11.49772,0.00,0.00
2015.03.17 16:03:05.873,11.49508,11.49801,0.00,0.00
2015.03.17 16:03:05.924,11.49548,11.49822,0.00,0.00
2015.03.17 16:03:05.974,11.49559,11.49871,0.00,0.00
2015.03.17 16:03:08.703,11.49649,11.49871,0.00,0.00
2015.03.17 16:03:08.753,11.49649,11.49922,0.00,0.00
2015.03.17 16:03:16.752,11.49649,11.49962,0.00,0.00
2015.03.17 16:03:17.413,11.49648,11.49962,0.00,0.00
2015.03.17 16:03:17.514,11.49648,11.4995,0.00,0.00
2015.03.17 16:03:18.065,11.49649,11.4995,0.00,0.00
2015.03.17 16:03:20.390,11.49611,11.49921,0.00,0.00
2015.03.17 16:03:20.491,11.49609,11.49921,0.00,0.00
2015.03.17 16:03:24.389,11.49583,11.49872,0.00,0.00
2015.03.17 16:03:24.440,11.49558,11.49872,0.00,0.00
2015.03.17 16:03:25.989,11.49558,11.4982,0.00,0.00
2015.03.17 16:03:26.140,11.49509,11.49821,0.00,0.00
2015.03.17 16:03:26.800,11.49482,11.49772,0.00,0.00
2015.03.17 16:03:26.850,11.49472,11.49772,0.00,0.00
2015.03.17 16:03:26.921,11.49462,11.49772,0.00,0.00
2015.03.17 16:03:26.972,11.49458,11.49772,0.00,0.00
2015.03.17 16:03:28.265,11.49408,11.49722,0.00,0.00
2015.03.17 16:03:28.574,11.49383,11.49671,0.00,0.00
2015.03.17 16:03:28.675,11.49359,11.49671,0.00,0.00
2015.03.17 16:03:38.343,11.49347,11.49612,0.00,0.00
2015.03.17 16:03:38.393,11.49298,11.49612,0.00,0.00
2015.03.17 16:03:43.041,11.49297,11.49561,0.00,0.00
2015.03.17 16:03:43.230,11.49282,11.49561,0.00,0.00
2015.03.17 16:03:43.331,11.49297,11.49561,0.00,0.00
2015.03.17 16:03:43.643,11.49347,11.49589,0.00,0.00
2015.03.17 16:03:44.033,11.49347,11.49612,0.00,0.00
2015.03.17 16:03:44.802,11.49347,11.49562,0.00,0.00
2015.03.17 16:03:45.031,11.49323,11.49562,0.00,0.00
2015.03.17 16:03:45.604,11.49307,11.49562,0.00,0.00
2015.03.17 16:03:45.705,11.49333,11.49562,0.00,0.00
2015.03.17 16:03:46.061,11.49362,11.49612,0.00,0.00
2015.03.17 16:03:46.112,11.49398,11.49612,0.00,0.00
2015.03.17 16:03:46.231,11.49398,11.49672,0.00,0.00
2015.03.17 16:03:46.910,11.49385,11.49672,0.00,0.00
2015.03.17 16:03:47.513,11.49397,11.49672,0.00,0.00
2015.03.17 16:03:49.460,11.49495,11.49748,0.00,0.00
2015.03.17 16:03:49.511,11.49495,11.49772,0.00,0.00
2015.03.17 16:03:50.068,11.49465,11.49772,0.00,0.00
2015.03.17 16:03:50.509,11.49575,11.49772,0.00,0.00
2015.03.17 16:03:50.560,11.49575,11.49872,0.00,0.00
2015.03.17 16:03:50.747,11.49563,11.49872,0.00,0.00
2015.03.17 16:03:51.052,11.49616,11.49872,0.00,0.00
2015.03.17 16:03:51.103,11.49616,11.49921,0.00,0.00
2015.03.17 16:03:51.153,11.49631,11.49921,0.00,0.00
2015.03.17 16:03:51.204,11.49649,11.49961,0.00,0.00
2015.03.17 16:03:52.118,11.49701,11.49961,0.00,0.00
2015.03.17 16:03:52.169,11.49701,11.49989,0.00,0.00
2015.03.17 16:03:52.270,11.49698,11.49989,0.00,0.00
2015.03.17 16:03:52.443,11.49701,11.49989,0.00,0.00
2015.03.17 16:03:53.051,11.49701,11.50012,0.00,0.00
2015.03.17 16:03:54.344,11.49705,11.50012,0.00,0.00
2015.03.17 16:03:54.394,11.49748,11.50062,0.00,0.00
2015.03.17 16:04:00.996,11.49698,11.50012,0.00,0.00
2015.03.17 16:04:01.297,11.49648,11.49962,0.00,0.00
2015.03.17 16:04:01.599,11.49609,11.49921,0.00,0.00
2015.03.17 16:04:01.910,11.49559,11.49871,0.00,0.00
2015.03.17 16:04:04.939,11.49608,11.49918,0.00,0.00
2015.03.17 16:04:05.507,11.49748,11.50062,0.00,0.00
2015.03.17 16:04:07.771,11.49749,11.50062,0.00,0.00
2015.03.17 16:04:08.272,11.49748,11.50062,0.00,0.00
2015.03.17 16:04:08.372,11.4975,11.50062,0.00,0.00
2015.03.17 16:04:09.574,11.49748,11.50062,0.00,0.00
2015.03.17 16:04:11.822,11.49842,11.50062,0.00,0.00
2015.03.17 16:04:11.872,11.49909,11.50218,0.00,0.00
2015.03.17 16:04:12.131,11.49909,11.50188,0.00,0.00
2015.03.17 16:04:13.792,11.49909,11.50179,0.00,0.00
2015.03.17 16:04:13.893,11.49829,11.50112,0.00,0.00
2015.03.17 16:04:13.994,11.49798,11.50112,0.00,0.00
2015.03.17 16:04:14.282,11.49754,11.50062,0.00,0.00
2015.03.17 16:04:14.434,11.49748,11.50062,0.00,0.00
2015.03.17 16:04:23.451,11.49753,11.50062,0.00,0.00
2015.03.17 16:04:24.022,11.4976,11.50062,0.00,0.00
2015.03.17 16:04:26.409,11.49669,11.49962,0.00,0.00
2015.03.17 16:04:30.344,11.49648,11.49962,0.00,0.00
2015.03.17 16:04:30.546,11.49625,11.49921,0.00,0.00
2015.03.17 16:04:31.453,11.4966,11.49921,0.00,0.00
2015.03.17 16:04:31.503,11.4966,11.49962,0.00,0.00
2015.03.17 16:04:38.428,11.4966,11.49922,0.00,0.00
2015.03.17 16:04:38.529,11.49609,11.49922,0.00,0.00
2015.03.17 16:04:40.517,11.4957,11.49871,0.00,0.00
2015.03.17 16:04:43.732,11.4957,11.49789,0.00,0.00
2015.03.17 16:04:43.782,11.49494,11.49772,0.00,0.00
2015.03.17 16:04:43.833,11.4947,11.49772,0.00,0.00
2015.03.17 16:04:50.461,11.49434,11.49722,0.00,0.00
2015.03.17 16:04:50.562,11.49375,11.49672,0.00,0.00
2015.03.17 16:04:53.249,11.494,11.49672,0.00,0.00
2015.03.17 16:04:53.962,11.4937,11.49672,0.00,0.00
2015.03.17 16:04:55.851,11.49409,11.49721,0.00,0.00
2015.03.17 16:04:55.952,11.49409,11.49672,0.00,0.00
2015.03.17 16:04:56.192,11.49369,11.49672,0.00,0.00
2015.03.17 16:04:59.650,11.49369,11.49611,0.00,0.00
2015.03.17 16:04:59.701,11.49344,11.49611,0.00,0.00
2015.03.17 16:04:59.802,11.49309,11.49612,0.00,0.00
2015.03.17 16:04:59.986,11.49309,11.49562,0.00,0.00
2015.03.17 16:05:01.016,11.49347,11.49562,0.00,0.00
2015.03.17 16:05:03.975,11.49347,11.49612,0.00,0.00
2015.03.17 16:05:11.244,11.49333,11.49612,0.00,0.00
2015.03.17 16:05:11.895,11.49333,11.49562,0.00,0.00
2015.03.17 16:05:11.946,11.49312,11.49562,0.00,0.00
2015.03.17 16:05:12.046,11.49343,11.49562,0.00,0.00
2015.03.17 16:05:12.097,11.49358,11.49588,0.00,0.00
2015.03.17 16:05:13.082,11.49398,11.49672,0.00,0.00
2015.03.17 16:05:16.852,11.49373,11.49672,0.00,0.00
2015.03.17 16:05:16.903,11.49373,11.4962,0.00,0.00
2015.03.17 16:05:16.953,11.49312,11.49562,0.00,0.00
2015.03.17 16:05:17.054,11.49328,11.49562,0.00,0.00
2015.03.17 16:05:18.366,11.49307,11.49562,0.00,0.00
2015.03.17 16:05:18.898,11.49358,11.49562,0.00,0.00
2015.03.17 16:05:19.099,11.49323,11.49562,0.00,0.00
2015.03.17 16:05:19.871,11.49297,11.49562,0.00,0.00
2015.03.17 16:05:20.988,11.49297,11.49561,0.00,0.00
2015.03.17 16:05:21.714,11.49358,11.49561,0.00,0.00
2015.03.17 16:05:21.771,11.49332,11.49561,0.00,0.00
2015.03.17 16:05:22.702,11.49302,11.49561,0.00,0.00
2015.03.17 16:05:25.990,11.49353,11.49561,0.00,0.00
2015.03.17 16:05:26.141,11.49337,11.49561,0.00,0.00
2015.03.17 16:05:27.343,11.49303,11.49561,0.00,0.00
2015.03.17 16:05:31.219,11.49359,11.49621,0.00,0.00
2015.03.17 16:05:31.319,11.49359,11.49645,0.00,0.00
2015.03.17 16:05:31.370,11.49397,11.49671,0.00,0.00
2015.03.17 16:05:32.661,11.49459,11.49721,0.00,0.00
2015.03.17 16:05:32.711,11.49497,11.49771,0.00,0.00
2015.03.17 16:05:32.832,11.49486,11.49771,0.00,0.00
2015.03.17 16:05:32.949,11.49497,11.49771,0.00,0.00
2015.03.17 16:05:33.133,11.49482,11.49771,0.00,0.00
2015.03.17 16:05:33.568,11.49547,11.49788,0.00,0.00
2015.03.17 16:05:34.188,11.49547,11.49822,0.00,0.00
2015.03.17 16:05:34.358,11.49524,11.49822,0.00,0.00
2015.03.17 16:05:34.801,11.49593,11.49822,0.00,0.00
2015.03.17 16:05:34.852,11.49593,11.49872,0.00,0.00
2015.03.17 16:05:35.175,11.49564,11.49872,0.00,0.00
2015.03.17 16:05:35.888,11.49576,11.49691,0.00,0.00
2015.03.17 16:05:35.989,11.49302,11.49521,0.00,0.00
2015.03.17 16:05:36.061,11.49302,11.49511,0.00,0.00
2015.03.17 16:05:36.280,11.49302,11.4952,0.00,0.00
2015.03.17 16:05:36.431,11.49302,11.49561,0.00,0.00
2015.03.17 16:05:36.532,11.49302,11.49512,0.00,0.00
2015.03.17 16:05:36.632,11.49222,11.49462,0.00,0.00
2015.03.17 16:05:36.752,11.49207,11.49462,0.00,0.00
2015.03.17 16:05:38.477,11.49242,11.49462,0.00,0.00
2015.03.17 16:05:40.049,11.49242,11.49511,0.00,0.00
2015.03.17 16:05:40.149,11.49209,11.49511,0.00,0.00
2015.03.17 16:05:40.616,11.49248,11.49562,0.00,0.00
2015.03.17 16:05:40.934,11.49209,11.49512,0.00,0.00
2015.03.17 16:05:41.236,11.49185,11.49462,0.00,0.00
2015.03.17 16:05:42.665,11.49204,11.49462,0.00,0.00
2015.03.17 16:05:42.769,11.49185,11.49462,0.00,0.00
2015.03.17 16:05:42.869,11.4916,11.49462,0.00,0.00
2015.03.17 16:05:44.574,11.4916,11.49461,0.00,0.00
2015.03.17 16:05:44.728,11.49162,11.49461,0.00,0.00
2015.03.17 16:05:44.779,11.49199,11.49511,0.00,0.00
2015.03.17 16:05:44.904,11.49209,11.49511,0.00,0.00
2015.03.17 16:05:44.968,11.49248,11.49562,0.00,0.00
2015.03.17 16:05:45.169,11.49259,11.49562,0.00,0.00
2015.03.17 16:05:51.237,11.49261,11.49562,0.00,0.00
2015.03.17 16:05:51.287,11.49299,11.49611,0.00,0.00
2015.03.17 16:05:51.398,11.4936,11.49672,0.00,0.00
2015.03.17 16:05:51.686,11.49458,11.49772,0.00,0.00
2015.03.17 16:05:52.227,11.49451,11.49721,0.00,0.00
2015.03.17 16:05:52.556,11.49409,11.49721,0.00,0.00
2015.03.17 16:05:54.769,11.49409,11.49562,0.00,0.00
2015.03.17 16:05:55.436,11.49285,11.49562,0.00,0.00
2015.03.17 16:05:56.121,11.4926,11.49562,0.00,0.00
2015.03.17 16:05:58.191,11.49272,11.49562,0.00,0.00
2015.03.17 16:06:00.457,11.4926,11.49562,0.00,0.00
2015.03.17 16:06:00.508,11.49219,11.49511,0.00,0.00
2015.03.17 16:06:00.940,11.49264,11.49561,0.00,0.00
2015.03.17 16:06:01.448,11.49271,11.49561,0.00,0.00
2015.03.17 16:06:03.167,11.49271,11.49511,0.00,0.00
2015.03.17 16:06:03.217,11.49219,11.49511,0.00,0.00
2015.03.17 16:06:03.881,11.49249,11.49561,0.00,0.00
2015.03.17 16:06:04.197,11.49271,11.49561,0.00,0.00
2015.03.17 16:06:07.631,11.49184,11.49462,0.00,0.00
2015.03.17 16:06:14.159,11.49168,11.49462,0.00,0.00
2015.03.17 16:06:19.068,11.49152,11.49462,0.00,0.00
2015.03.17 16:06:23.139,11.49152,11.49461,0.00,0.00
2015.03.17 16:06:24.788,11.49159,11.49461,0.00,0.00
2015.03.17 16:06:25.938,11.49152,11.49461,0.00,0.00
2015.03.17 16:06:27.648,11.49157,11.49461,0.00,0.00
2015.03.17 16:06:29.828,11.49171,11.49461,0.00,0.00
2015.03.17 16:06:30.967,11.49149,11.49461,0.00,0.00
2015.03.17 16:06:31.072,11.49108,11.49412,0.00,0.00
2015.03.17 16:06:31.420,11.49159,11.49461,0.00,0.00
2015.03.17 16:06:31.725,11.49161,11.49461,0.00,0.00
2015.03.17 16:06:31.967,11.49208,11.49512,0.00,0.00
2015.03.17 16:06:32.068,11.49248,11.49549,0.00,0.00
2015.03.17 16:06:32.601,11.49271,11.49552,0.00,0.00
2015.03.17 16:06:33.807,11.49309,11.49611,0.00,0.00
2015.03.17 16:06:33.958,11.49332,11.49611,0.00,0.00
2015.03.17 16:06:34.058,11.49361,11.49661,0.00,0.00
2015.03.17 16:06:35.097,11.49372,11.49661,0.00,0.00
2015.03.17 16:06:38.318,11.49347,11.49612,0.00,0.00
2015.03.17 16:06:38.369,11.49317,11.49612,0.00,0.00
2015.03.17 16:06:40.289,11.49282,11.49552,0.00,0.00
2015.03.17 16:06:40.619,11.49217,11.49512,0.00,0.00
2015.03.17 16:06:40.993,11.49229,11.49512,0.00,0.00
2015.03.17 16:06:41.074,11.49217,11.49512,0.00,0.00
2015.03.17 16:06:41.287,11.49248,11.49552,0.00,0.00
2015.03.17 16:06:41.387,11.49284,11.49552,0.00,0.00
2015.03.17 16:06:41.674,11.49271,11.49552,0.00,0.00
2015.03.17 16:06:42.543,11.49271,11.49512,0.00,0.00
2015.03.17 16:06:42.594,11.49247,11.49512,0.00,0.00
2015.03.17 16:06:42.695,11.49218,11.49512,0.00,0.00
2015.03.17 16:06:43.695,11.49218,11.4938,0.00,0.00
2015.03.17 16:06:43.846,11.48778,11.49031,0.00,0.00
2015.03.17 16:06:43.896,11.48778,11.49021,0.00,0.00
2015.03.17 16:06:43.997,11.48778,11.49059,0.00,0.00
2015.03.17 16:06:44.047,11.48688,11.48831,0.00,0.00
2015.03.17 16:06:44.098,11.48583,11.48831,0.00,0.00
2015.03.17 16:06:44.148,11.48632,11.48831,0.00,0.00
2015.03.17 16:06:44.199,11.48649,11.48961,0.00,0.00
2015.03.17 16:06:44.402,11.48632,11.4892,0.00,0.00
2015.03.17 16:06:44.522,11.48632,11.48922,0.00,0.00
2015.03.17 16:06:44.572,11.48608,11.48879,0.00,0.00
2015.03.17 16:06:44.879,11.48557,11.48821,0.00,0.00
2015.03.17 16:06:44.930,11.4854,11.48821,0.00,0.00
2015.03.17 16:06:44.981,11.4857,11.48821,0.00,0.00
2015.03.17 16:06:45.182,11.4856,11.48871,0.00,0.00
2015.03.17 16:06:45.232,11.4856,11.48831,0.00,0.00
2015.03.17 16:06:45.562,11.4852,11.48772,0.00,0.00
2015.03.17 16:06:45.815,11.4853,11.48822,0.00,0.00
2015.03.17 16:06:45.916,11.4859,11.48872,0.00,0.00
2015.03.17 16:06:46.166,11.48608,11.48908,0.00,0.00
2015.03.17 16:06:46.217,11.48645,11.48908,0.00,0.00
2015.03.17 16:06:46.267,11.48648,11.48962,0.00,0.00
2015.03.17 16:06:46.318,11.48686,11.48962,0.00,0.00
2015.03.17 16:06:46.785,11.48671,11.48962,0.00,0.00
2015.03.17 16:06:46.836,11.48671,11.48922,0.00,0.00
2015.03.17 16:06:46.886,11.48646,11.48922,0.00,0.00
2015.03.17 16:06:46.937,11.48646,11.48872,0.00,0.00
2015.03.17 16:06:46.987,11.48606,11.48872,0.00,0.00
2015.03.17 16:06:47.038,11.48606,11.48772,0.00,0.00
2015.03.17 16:06:47.088,11.48505,11.48772,0.00,0.00
2015.03.17 16:06:47.243,11.48509,11.48821,0.00,0.00
2015.03.17 16:06:47.293,11.48545,11.48821,0.00,0.00
2015.03.17 16:06:47.447,11.48559,11.48849,0.00,0.00
2015.03.17 16:06:47.498,11.48645,11.48849,0.00,0.00
2015.03.17 16:06:47.598,11.48656,11.48922,0.00,0.00
2015.03.17 16:06:48.798,11.48656,11.48871,0.00,0.00
2015.03.17 16:06:49.834,11.48681,11.48961,0.00,0.00
2015.03.17 16:06:50.485,11.48681,11.48962,0.00,0.00
2015.03.17 16:06:50.592,11.48666,11.48962,0.00,0.00
2015.03.17 16:06:50.642,11.48666,11.48918,0.00,0.00
2015.03.17 16:06:50.693,11.48621,11.48918,0.00,0.00
2015.03.17 16:06:50.794,11.48621,11.48871,0.00,0.00
2015.03.17 16:06:51.211,11.48605,11.48871,0.00,0.00
2015.03.17 16:06:51.593,11.48596,11.48871,0.00,0.00
2015.03.17 16:06:51.644,11.48596,11.48819,0.00,0.00
2015.03.17 16:06:51.694,11.48559,11.48819,0.00,0.00
2015.03.17 16:06:51.745,11.48505,11.48771,0.00,0.00
2015.03.17 16:06:51.795,11.48525,11.48771,0.00,0.00
2015.03.17 16:06:51.896,11.48545,11.48822,0.00,0.00
2015.03.17 16:06:51.957,11.48545,11.48772,0.00,0.00
2015.03.17 16:06:52.008,11.4852,11.48772,0.00,0.00
2015.03.17 16:06:52.524,11.48501,11.48772,0.00,0.00
2015.03.17 16:06:53.428,11.48419,11.48721,0.00,0.00
2015.03.17 16:06:53.529,11.48393,11.48672,0.00,0.00
2015.03.17 16:06:54.941,11.48478,11.48672,0.00,0.00
2015.03.17 16:06:54.991,11.48478,11.48772,0.00,0.00
2015.03.17 16:06:56.607,11.48511,11.48822,0.00,0.00
2015.03.17 16:06:56.727,11.48584,11.48872,0.00,0.00
2015.03.17 16:06:57.427,11.48608,11.48909,0.00,0.00
2015.03.17 16:06:57.478,11.48648,11.48921,0.00,0.00
2015.03.17 16:06:57.528,11.48683,11.48962,0.00,0.00
2015.03.17 16:06:58.917,11.48698,11.49012,0.00,0.00
2015.03.17 16:06:59.018,11.48718,11.49012,0.00,0.00
2015.03.17 16:07:00.252,11.48718,11.48962,0.00,0.00
2015.03.17 16:07:00.411,11.48694,11.48962,0.00,0.00
2015.03.17 16:07:00.714,11.48723,11.48962,0.00,0.00
2015.03.17 16:07:00.815,11.48778,11.49061,0.00,0.00
2015.03.17 16:07:00.915,11.48768,11.49061,0.00,0.00
2015.03.17 16:07:01.165,11.48779,11.49061,0.00,0.00
2015.03.17 16:07:01.316,11.48769,11.49061,0.00,0.00
2015.03.17 16:07:02.319,11.48769,11.49012,0.00,0.00
2015.03.17 16:07:02.369,11.48719,11.49012,0.00,0.00
2015.03.17 16:07:02.420,11.48751,11.49012,0.00,0.00
2015.03.17 16:07:02.470,11.48751,11.49061,0.00,0.00
2015.03.17 16:07:07.520,11.48751,11.49011,0.00,0.00
2015.03.17 16:07:07.671,11.48651,11.48962,0.00,0.00
2015.03.17 16:07:09.327,11.48738,11.49021,0.00,0.00
2015.03.17 16:07:09.579,11.48739,11.49031,0.00,0.00
2015.03.17 16:07:09.840,11.48829,11.49048,0.00,0.00
2015.03.17 16:07:09.891,11.48829,11.49087,0.00,0.00
2015.03.17 16:07:09.992,11.48829,11.49121,0.00,0.00
2015.03.17 16:07:11.042,11.48829,11.49106,0.00,0.00
2015.03.17 16:07:11.360,11.48829,11.49102,0.00,0.00
2015.03.17 16:07:11.944,11.48829,11.49108,0.00,0.00
2015.03.17 16:07:12.643,11.48829,11.49091,0.00,0.00
2015.03.17 16:07:12.845,11.48829,11.49106,0.00,0.00
2015.03.17 16:07:13.307,11.48829,11.49071,0.00,0.00
2015.03.17 16:07:13.358,11.48788,11.49038,0.00,0.00
2015.03.17 16:07:13.459,11.48738,11.49032,0.00,0.00
2015.03.17 16:07:13.559,11.48738,11.49027,0.00,0.00
2015.03.17 16:07:13.758,11.48738,11.49032,0.00,0.00
2015.03.17 16:07:14.271,11.48738,11.49028,0.00,0.00
2015.03.17 16:07:15.281,11.48738,11.49032,0.00,0.00
2015.03.17 16:07:16.829,11.48828,11.49119,0.00,0.00
2015.03.17 16:07:17.262,11.48828,11.491,0.00,0.00
2015.03.17 16:07:18.194,11.48828,11.49119,0.00,0.00
2015.03.17 16:07:19.569,11.48828,11.49114,0.00,0.00
2015.03.17 16:07:20.356,11.4877,11.49032,0.00,0.00
2015.03.17 16:07:20.507,11.48738,11.49032,0.00,0.00
2015.03.17 16:07:21.791,11.48728,11.49049,0.00,0.00
2015.03.17 16:07:21.875,11.48728,11.49032,0.00,0.00
2015.03.17 16:07:22.077,11.48779,11.49101,0.00,0.00
2015.03.17 16:07:22.127,11.48828,11.49108,0.00,0.00
2015.03.17 16:07:22.809,11.48828,11.49121,0.00,0.00
2015.03.17 16:07:23.010,11.48828,11.49103,0.00,0.00
2015.03.17 16:07:23.829,11.48828,11.49119,0.00,0.00
2015.03.17 16:07:23.929,11.48828,11.49103,0.00,0.00
2015.03.17 16:07:24.030,11.48759,11.49052,0.00,0.00
2015.03.17 16:07:24.131,11.48728,11.49032,0.00,0.00
2015.03.17 16:07:24.483,11.48728,11.4903,0.00,0.00
2015.03.17 16:07:24.812,11.48728,11.49046,0.00,0.00
2015.03.17 16:07:25.525,11.48728,11.49031,0.00,0.00
2015.03.17 16:07:26.290,11.48728,11.49045,0.00,0.00
2015.03.17 16:07:26.388,11.48728,11.4903,0.00,0.00
2015.03.17 16:07:26.989,11.48728,11.49039,0.00,0.00
2015.03.17 16:07:27.504,11.48728,11.49032,0.00,0.00
2015.03.17 16:07:28.321,11.48728,11.49039,0.00,0.00
2015.03.17 16:07:28.422,11.48728,11.49032,0.00,0.00
2015.03.17 16:07:28.931,11.48728,11.49039,0.00,0.00
2015.03.17 16:07:29.641,11.48728,11.49031,0.00,0.00
2015.03.17 16:07:30.677,11.48728,11.49039,0.00,0.00
2015.03.17 16:07:30.778,11.48728,11.49021,0.00,0.00
2015.03.17 16:07:31.116,11.48728,11.48949,0.00,0.00
2015.03.17 16:07:31.167,11.48679,11.48949,0.00,0.00
2015.03.17 16:07:31.217,11.48679,11.48921,0.00,0.00
2015.03.17 16:07:31.268,11.48628,11.48921,0.00,0.00
2015.03.17 16:07:31.784,11.48628,11.4892,0.00,0.00
2015.03.17 16:07:34.137,11.48628,11.48921,0.00,0.00
2015.03.17 16:07:34.237,11.48678,11.48942,0.00,0.00
2015.03.17 16:07:35.673,11.48728,11.48942,0.00,0.00
2015.03.17 16:07:35.774,11.48678,11.4893,0.00,0.00
2015.03.17 16:07:36.221,11.48678,11.4895,0.00,0.00
2015.03.17 16:07:37.523,11.48678,11.48967,0.00,0.00
2015.03.17 16:07:40.596,11.48629,11.48951,0.00,0.00
2015.03.17 16:07:40.646,11.48629,11.48925,0.00,0.00
2015.03.17 16:07:40.979,11.48688,11.48958,0.00,0.00
2015.03.17 16:07:41.137,11.48688,11.48971,0.00,0.00
2015.03.17 16:07:41.188,11.48739,11.48971,0.00,0.00
2015.03.17 16:07:41.570,11.48739,11.48947,0.00,0.00
2015.03.17 16:07:41.621,11.48688,11.48947,0.00,0.00
2015.03.17 16:07:41.732,11.48688,11.48936,0.00,0.00
2015.03.17 16:07:41.833,11.48638,11.48917,0.00,0.00
2015.03.17 16:07:42.136,11.48638,11.48945,0.00,0.00
2015.03.17 16:07:42.265,11.48638,11.48932,0.00,0.00
2015.03.17 16:07:43.002,11.48638,11.48915,0.00,0.00
2015.03.17 16:07:43.380,11.48738,11.48959,0.00,0.00
2015.03.17 16:07:43.481,11.48738,11.49002,0.00,0.00
2015.03.17 16:07:44.776,11.48738,11.48981,0.00,0.00
2015.03.17 16:07:44.994,11.48738,11.4901,0.00,0.00
2015.03.17 16:07:45.045,11.48618,11.48738,0.00,0.00
2015.03.17 16:07:45.096,11.4843,11.48641,0.00,0.00
2015.03.17 16:07:45.197,11.48329,11.48636,0.00,0.00
2015.03.17 16:07:45.247,11.48378,11.4862,0.00,0.00
2015.03.17 16:07:45.596,11.48328,11.48621,0.00,0.00
2015.03.17 16:07:46.108,11.48328,11.4862,0.00,0.00
2015.03.17 16:07:46.161,11.48328,11.48631,0.00,0.00
2015.03.17 16:07:46.262,11.48328,11.48621,0.00,0.00
2015.03.17 16:07:48.059,11.48438,11.48621,0.00,0.00
2015.03.17 16:07:48.110,11.48438,11.48721,0.00,0.00
2015.03.17 16:07:48.738,11.48438,11.4872,0.00,0.00
2015.03.17 16:07:49.399,11.48438,11.48721,0.00,0.00
2015.03.17 16:07:49.746,11.48438,11.48752,0.00,0.00
2015.03.17 16:07:49.847,11.48489,11.48801,0.00,0.00
2015.03.17 16:07:50.468,11.48539,11.48821,0.00,0.00
2015.03.17 16:07:50.974,11.48539,11.4882,0.00,0.00
2015.03.17 16:07:51.453,11.48539,11.4881,0.00,0.00
2015.03.17 16:07:51.834,11.48539,11.4882,0.00,0.00
2015.03.17 16:07:52.027,11.48539,11.48816,0.00,0.00
2015.03.17 16:07:52.233,11.48538,11.4882,0.00,0.00
2015.03.17 16:07:52.774,11.48538,11.48821,0.00,0.00
2015.03.17 16:07:53.553,11.48538,11.4882,0.00,0.00
2015.03.17 16:07:54.313,11.48538,11.48821,0.00,0.00
2015.03.17 16:07:54.572,11.48589,11.48846,0.00,0.00
2015.03.17 16:07:54.623,11.48589,11.48871,0.00,0.00
2015.03.17 16:07:54.723,11.48639,11.4887,0.00,0.00
2015.03.17 16:07:55.033,11.48639,11.48921,0.00,0.00
2015.03.17 16:07:55.768,11.48639,11.48821,0.00,0.00
2015.03.17 16:07:55.818,11.48588,11.48821,0.00,0.00
2015.03.17 16:07:55.869,11.48392,11.48632,0.00,0.00
2015.03.17 16:07:55.919,11.48438,11.48632,0.00,0.00
2015.03.17 16:07:57.252,11.48452,11.48632,0.00,0.00
2015.03.17 16:07:57.557,11.48538,11.48676,0.00,0.00
2015.03.17 16:07:57.846,11.48538,11.48717,0.00,0.00
2015.03.17 16:08:01.306,11.48489,11.48717,0.00,0.00
2015.03.17 16:08:02.406,11.48489,11.48667,0.00,0.00
2015.03.17 16:08:02.507,11.48439,11.48667,0.00,0.00
2015.03.17 16:08:02.558,11.48439,11.48642,0.00,0.00
2015.03.17 16:08:03.017,11.48439,11.48626,0.00,0.00
2015.03.17 16:08:03.984,11.48439,11.48631,0.00,0.00
2015.03.17 16:08:04.085,11.48439,11.48647,0.00,0.00
2015.03.17 16:08:04.136,11.48538,11.48647,0.00,0.00
2015.03.17 16:08:04.186,11.48538,11.48662,0.00,0.00
2015.03.17 16:08:04.287,11.48538,11.48712,0.00,0.00
2015.03.17 16:08:08.538,11.48488,11.48712,0.00,0.00
2015.03.17 16:08:08.588,11.48488,11.48621,0.00,0.00
2015.03.17 16:08:08.894,11.48488,11.48606,0.00,0.00
2015.03.17 16:08:09.250,11.48488,11.48626,0.00,0.00
2015.03.17 16:08:10.381,11.48488,11.48642,0.00,0.00
2015.03.17 16:08:10.766,11.48439,11.48662,0.00,0.00
2015.03.17 16:08:10.867,11.48488,11.48637,0.00,0.00
2015.03.17 16:08:11.725,11.48358,11.48576,0.00,0.00
2015.03.17 16:08:12.056,11.48298,11.48526,0.00,0.00
2015.03.17 16:08:15.168,11.48298,11.48512,0.00,0.00
2015.03.17 16:08:15.561,11.48298,11.48562,0.00,0.00
2015.03.17 16:08:16.628,11.48299,11.48501,0.00,0.00
2015.03.17 16:08:18.808,11.48248,11.48486,0.00,0.00
2015.03.17 16:08:19.578,11.48248,11.48471,0.00,0.00
2015.03.17 16:08:19.798,11.48248,11.48527,0.00,0.00
2015.03.17 16:08:19.868,11.48248,11.48501,0.00,0.00
2015.03.17 16:08:27.057,11.48259,11.48501,0.00,0.00
2015.03.17 16:08:27.395,11.48281,11.48547,0.00,0.00
2015.03.17 16:08:27.496,11.48298,11.48612,0.00,0.00
2015.03.17 16:08:27.547,11.48372,11.48612,0.00,0.00
2015.03.17 16:08:27.709,11.48372,11.48616,0.00,0.00
2015.03.17 16:08:30.188,11.48372,11.48592,0.00,0.00
2015.03.17 16:08:30.517,11.48272,11.48536,0.00,0.00
2015.03.17 16:08:30.687,11.48272,11.48541,0.00,0.00
2015.03.17 16:08:31.835,11.48261,11.48541,0.00,0.00
2015.03.17 16:08:32.351,11.48261,11.48527,0.00,0.00
2015.03.17 16:08:33.007,11.48261,11.48499,0.00,0.00
2015.03.17 16:08:34.529,11.48261,11.48523,0.00,0.00
2015.03.17 16:08:35.501,11.48261,11.48492,0.00,0.00
2015.03.17 16:08:35.802,11.48261,11.485,0.00,0.00
2015.03.17 16:08:35.903,11.48261,11.48511,0.00,0.00
2015.03.17 16:08:36.346,11.48249,11.48524,0.00,0.00
2015.03.17 16:08:37.362,11.48241,11.48524,0.00,0.00
2015.03.17 16:08:38.718,11.48241,11.48504,0.00,0.00
2015.03.17 16:08:38.822,11.48241,11.48521,0.00,0.00
2015.03.17 16:08:40.362,11.48241,11.48534,0.00,0.00
2015.03.17 16:08:40.921,11.48252,11.48534,0.00,0.00
2015.03.17 16:08:42.360,11.48252,11.48517,0.00,0.00
2015.03.17 16:08:42.460,11.48252,11.48547,0.00,0.00
2015.03.17 16:08:48.836,11.48252,11.48496,0.00,0.00
2015.03.17 16:08:49.286,11.48241,11.48479,0.00,0.00
2015.03.17 16:08:49.336,11.48178,11.48479,0.00,0.00
2015.03.17 16:08:49.387,11.48178,11.48444,0.00,0.00
2015.03.17 16:08:49.487,11.48161,11.48444,0.00,0.00
2015.03.17 16:08:50.268,11.48151,11.48444,0.00,0.00
2015.03.17 16:08:50.368,11.48151,11.4844,0.00,0.00
2015.03.17 16:08:50.702,11.48151,11.48425,0.00,0.00
2015.03.17 16:08:50.867,11.48151,11.48446,0.00,0.00
2015.03.17 16:08:51.469,11.48228,11.48469,0.00,0.00
2015.03.17 16:08:51.570,11.48251,11.4853,0.00,0.00
2015.03.17 16:08:51.688,11.48251,11.48544,0.00,0.00
2015.03.17 16:08:52.458,11.48251,11.48518,0.00,0.00
2015.03.17 16:08:52.745,11.48251,11.48539,0.00,0.00
2015.03.17 16:08:55.108,11.48262,11.48539,0.00,0.00
2015.03.17 16:08:55.309,11.48301,11.48631,0.00,0.00
2015.03.17 16:08:55.433,11.48338,11.48644,0.00,0.00
2015.03.17 16:08:56.043,11.48338,11.48645,0.00,0.00
2015.03.17 16:08:56.372,11.48352,11.48645,0.00,0.00
2015.03.17 16:09:00.870,11.48451,11.48682,0.00,0.00
2015.03.17 16:09:00.921,11.48451,11.48742,0.00,0.00
2015.03.17 16:09:01.025,11.48451,11.48755,0.00,0.00
2015.03.17 16:09:01.166,11.48451,11.48739,0.00,0.00
2015.03.17 16:09:01.366,11.48451,11.48754,0.00,0.00
2015.03.17 16:09:02.286,11.48461,11.48774,0.00,0.00
2015.03.17 16:09:02.336,11.48512,11.48774,0.00,0.00
2015.03.17 16:09:02.386,11.48512,11.48831,0.00,0.00
2015.03.17 16:09:02.437,11.48489,11.48831,0.00,0.00
2015.03.17 16:09:02.487,11.48538,11.48759,0.00,0.00
2015.03.17 16:09:02.588,11.48502,11.48759,0.00,0.00
2015.03.17 16:09:02.639,11.48489,11.48759,0.00,0.00
2015.03.17 16:09:02.690,11.48489,11.4879,0.00,0.00
2015.03.17 16:09:02.791,11.48489,11.48771,0.00,0.00
2015.03.17 16:09:02.892,11.48489,11.48788,0.00,0.00
2015.03.17 16:09:03.501,11.48489,11.48774,0.00,0.00
2015.03.17 16:09:03.850,11.48551,11.48774,0.00,0.00
2015.03.17 16:09:03.901,11.48551,11.48819,0.00,0.00
2015.03.17 16:09:04.001,11.48551,11.4879,0.00,0.00
2015.03.17 16:09:04.374,11.48551,11.48758,0.00,0.00
2015.03.17 16:09:04.718,11.48551,11.48792,0.00,0.00
2015.03.17 16:09:04.819,11.48551,11.48808,0.00,0.00
2015.03.17 16:09:05.712,11.48551,11.48794,0.00,0.00
2015.03.17 16:09:05.913,11.48551,11.48804,0.00,0.00
2015.03.17 16:09:06.179,11.48551,11.48829,0.00,0.00
2015.03.17 16:09:06.580,11.48551,11.48815,0.00,0.00
2015.03.17 16:09:07.081,11.48551,11.48803,0.00,0.00
2015.03.17 16:09:07.933,11.48489,11.48793,0.00,0.00
2015.03.17 16:09:08.968,11.48538,11.48793,0.00,0.00
2015.03.17 16:09:09.018,11.48538,11.48839,0.00,0.00
2015.03.17 16:09:09.210,11.48521,11.48809,0.00,0.00
2015.03.17 16:09:09.260,11.485,11.48809,0.00,0.00
2015.03.17 16:09:09.311,11.48538,11.48817,0.00,0.00
2015.03.17 16:09:09.411,11.48538,11.48845,0.00,0.00
2015.03.17 16:09:09.562,11.48551,11.48845,0.00,0.00
2015.03.17 16:09:10.056,11.48551,11.48832,0.00,0.00
2015.03.17 16:09:10.394,11.48488,11.48775,0.00,0.00
2015.03.17 16:09:10.833,11.48481,11.48792,0.00,0.00
2015.03.17 16:09:10.984,11.48488,11.48799,0.00,0.00
2015.03.17 16:09:15.618,11.48488,11.48779,0.00,0.00
2015.03.17 16:09:16.274,11.48489,11.48779,0.00,0.00
2015.03.17 16:09:17.252,11.48532,11.48779,0.00,0.00
2015.03.17 16:09:17.303,11.48532,11.48831,0.00,0.00
2015.03.17 16:09:17.404,11.48538,11.48839,0.00,0.00
2015.03.17 16:09:17.613,11.48538,11.48802,0.00,0.00
2015.03.17 16:09:17.664,11.48532,11.48802,0.00,0.00
2015.03.17 16:09:17.714,11.48532,11.48788,0.00,0.00
2015.03.17 16:09:18.204,11.48489,11.48788,0.00,0.00
2015.03.17 16:09:18.935,11.48489,11.48775,0.00,0.00
2015.03.17 16:09:22.631,11.48449,11.48759,0.00,0.00
2015.03.17 16:09:29.247,11.48441,11.48668,0.00,0.00
2015.03.17 16:09:29.297,11.48341,11.48668,0.00,0.00
2015.03.17 16:09:29.348,11.4836,11.48682,0.00,0.00
2015.03.17 16:09:29.658,11.48399,11.48688,0.00,0.00
2015.03.17 16:09:29.986,11.48432,11.4871,0.00,0.00
2015.03.17 16:09:30.337,11.48432,11.48645,0.00,0.00
2015.03.17 16:09:30.438,11.48341,11.48565,0.00,0.00
2015.03.17 16:09:30.538,11.48251,11.48565,0.00,0.00
2015.03.17 16:09:30.732,11.48231,11.48565,0.00,0.00
2015.03.17 16:09:30.838,11.48231,11.48549,0.00,0.00
2015.03.17 16:09:31.488,11.48231,11.4853,0.00,0.00
2015.03.17 16:09:31.589,11.48189,11.4853,0.00,0.00
2015.03.17 16:09:31.690,11.48189,11.48514,0.00,0.00
2015.03.17 16:09:35.147,11.48182,11.48482,0.00,0.00
2015.03.17 16:09:35.248,11.48142,11.48465,0.00,0.00
2015.03.17 16:09:38.755,11.48138,11.48465,0.00,0.00
2015.03.17 16:09:44.827,11.48229,11.48389,0.00,0.00
2015.03.17 16:09:44.927,11.48139,11.48369,0.00,0.00
2015.03.17 16:09:45.028,11.48139,11.48355,0.00,0.00
2015.03.17 16:09:45.079,11.48088,11.48355,0.00,0.00
2015.03.17 16:09:45.500,11.48031,11.48271,0.00,0.00
2015.03.17 16:09:45.550,11.47948,11.48271,0.00,0.00
2015.03.17 16:09:45.601,11.47988,11.48288,0.00,0.00
2015.03.17 16:09:45.702,11.47949,11.48264,0.00,0.00
2015.03.17 16:09:46.491,11.47988,11.48264,0.00,0.00
2015.03.17 16:09:46.541,11.47988,11.48302,0.00,0.00
2015.03.17 16:09:46.821,11.47988,11.48288,0.00,0.00
2015.03.17 16:09:47.097,11.47988,11.48301,0.00,0.00
2015.03.17 16:09:47.148,11.48038,11.48301,0.00,0.00
2015.03.17 16:09:47.249,11.47989,11.48301,0.00,0.00
2015.03.17 16:09:47.397,11.47989,11.48271,0.00,0.00
2015.03.17 16:09:47.898,11.47989,11.48301,0.00,0.00
2015.03.17 16:09:48.601,11.48038,11.48338,0.00,0.00
2015.03.17 16:09:49.239,11.48088,11.48353,0.00,0.00
2015.03.17 16:09:49.390,11.48139,11.48433,0.00,0.00
2015.03.17 16:09:49.441,11.48139,11.48447,0.00,0.00
2015.03.17 16:09:49.879,11.48139,11.48438,0.00,0.00
2015.03.17 16:09:50.181,11.48131,11.48376,0.00,0.00
2015.03.17 16:09:50.231,11.48131,11.48382,0.00,0.00
2015.03.17 16:09:50.282,11.48038,11.48382,0.00,0.00
2015.03.17 16:09:50.332,11.48088,11.48374,0.00,0.00
2015.03.17 16:09:51.085,11.48052,11.48374,0.00,0.00
2015.03.17 16:09:51.135,11.48052,11.48274,0.00,0.00
2015.03.17 16:09:51.186,11.48038,11.48271,0.00,0.00
2015.03.17 16:09:51.895,11.48039,11.48288,0.00,0.00
2015.03.17 16:09:52.215,11.48039,11.48353,0.00,0.00
2015.03.17 16:09:52.333,11.48031,11.48331,0.00,0.00
2015.03.17 16:09:52.662,11.48031,11.48291,0.00,0.00
2015.03.17 16:09:52.713,11.47949,11.48288,0.00,0.00
2015.03.17 16:09:52.976,11.47989,11.48288,0.00,0.00
2015.03.17 16:09:53.338,11.48038,11.48363,0.00,0.00
2015.03.17 16:09:53.917,11.48038,11.48334,0.00,0.00
2015.03.17 16:09:53.967,11.48031,11.48332,0.00,0.00
2015.03.17 16:09:54.018,11.4802,11.48289,0.00,0.00
2015.03.17 16:09:54.319,11.48089,11.48289,0.00,0.00
2015.03.17 16:09:54.434,11.48089,11.48419,0.00,0.00
2015.03.17 16:09:57.400,11.48089,11.48427,0.00,0.00
2015.03.17 16:09:57.453,11.48089,11.48431,0.00,0.00
2015.03.17 16:09:58.145,11.48089,11.48398,0.00,0.00
2015.03.17 16:09:58.196,11.48038,11.48382,0.00,0.00
2015.03.17 16:09:59.229,11.48081,11.48382,0.00,0.00
2015.03.17 16:09:59.380,11.48091,11.48424,0.00,0.00
2015.03.17 16:09:59.431,11.48089,11.48431,0.00,0.00
2015.03.17 16:09:59.531,11.48091,11.48431,0.00,0.00
2015.03.17 16:10:00.022,11.48139,11.48439,0.00,0.00
2015.03.17 16:10:00.654,11.4818,11.48479,0.00,0.00
2015.03.17 16:10:00.755,11.48188,11.48489,0.00,0.00
2015.03.17 16:10:00.805,11.48229,11.48489,0.00,0.00
2015.03.17 16:10:00.924,11.48231,11.48524,0.00,0.00
2015.03.17 16:10:00.975,11.48231,11.48564,0.00,0.00
2015.03.17 16:10:01.237,11.48231,11.48549,0.00,0.00
2015.03.17 16:10:01.738,11.48231,11.4853,0.00,0.00
2015.03.17 16:10:01.939,11.48188,11.48499,0.00,0.00
2015.03.17 16:10:02.636,11.48228,11.48499,0.00,0.00
2015.03.17 16:10:02.743,11.48228,11.48528,0.00,0.00
2015.03.17 16:10:03.122,11.48229,11.48524,0.00,0.00
2015.03.17 16:10:03.431,11.48231,11.48488,0.00,0.00
2015.03.17 16:10:04.003,11.48188,11.48488,0.00,0.00
2015.03.17 16:10:04.393,11.48152,11.48482,0.00,0.00
2015.03.17 16:10:04.494,11.48141,11.48468,0.00,0.00
2015.03.17 16:10:05.021,11.48138,11.48468,0.00,0.00
2015.03.17 16:10:07.752,11.48138,11.48456,0.00,0.00
2015.03.17 16:10:07.954,11.48138,11.48471,0.00,0.00
2015.03.17 16:10:08.676,11.48138,11.48455,0.00,0.00
2015.03.17 16:10:08.726,11.48112,11.48432,0.00,0.00
2015.03.17 16:10:08.777,11.48088,11.484,0.00,0.00
2015.03.17 16:10:08.827,11.48041,11.48382,0.00,0.00
2015.03.17 16:10:09.614,11.48038,11.48382,0.00,0.00
2015.03.17 16:10:10.611,11.48038,11.4837,0.00,0.00
2015.03.17 16:10:12.118,11.48038,11.4836,0.00,0.00
2015.03.17 16:10:12.435,11.47988,11.4827,0.00,0.00
2015.03.17 16:10:12.594,11.48038,11.48358,0.00,0.00
2015.03.17 16:10:12.986,11.48061,11.48358,0.00,0.00
2015.03.17 16:10:13.036,11.48049,11.48381,0.00,0.00
2015.03.17 16:10:13.087,11.48053,11.48381,0.00,0.00
2015.03.17 16:10:13.437,11.48089,11.48388,0.00,0.00
2015.03.17 16:10:13.594,11.48138,11.48457,0.00,0.00
2015.03.17 16:10:14.688,11.48108,11.48432,0.00,0.00
2015.03.17 16:10:14.789,11.48089,11.48427,0.00,0.00
2015.03.17 16:10:17.311,11.48089,11.48415,0.00,0.00
2015.03.17 16:10:17.580,11.48089,11.48427,0.00,0.00
2015.03.17 16:10:18.225,11.48102,11.48427,0.00,0.00
2015.03.17 16:10:18.824,11.48229,11.48427,0.00,0.00
2015.03.17 16:10:18.975,11.48101,11.48427,0.00,0.00
2015.03.17 16:10:19.026,11.48103,11.48432,0.00,0.00
2015.03.17 16:10:19.227,11.48101,11.48423,0.00,0.00
2015.03.17 16:10:19.485,11.48101,11.48432,0.00,0.00
2015.03.17 16:10:20.167,11.48139,11.48437,0.00,0.00
2015.03.17 16:10:20.318,11.48132,11.48432,0.00,0.00
2015.03.17 16:10:21.406,11.47949,11.48262,0.00,0.00
2015.03.17 16:10:21.507,11.47949,11.4827,0.00,0.00
2015.03.17 16:10:21.558,11.47949,11.48274,0.00,0.00
2015.03.17 16:10:21.659,11.47949,11.48286,0.00,0.00
2015.03.17 16:10:21.895,11.47958,11.48291,0.00,0.00
2015.03.17 16:10:22.290,11.48052,11.48369,0.00,0.00
2015.03.17 16:10:22.484,11.48052,11.48377,0.00,0.00
2015.03.17 16:10:22.727,11.48052,11.48364,0.00,0.00
2015.03.17 16:10:23.108,11.48052,11.48352,0.00,0.00
2015.03.17 16:10:23.159,11.48019,11.48332,0.00,0.00
2015.03.17 16:10:23.261,11.48001,11.48332,0.00,0.00
2015.03.17 16:10:23.438,11.48001,11.48311,0.00,0.00
2015.03.17 16:10:24.107,11.48038,11.48311,0.00,0.00
2015.03.17 16:10:24.263,11.48038,11.48342,0.00,0.00
2015.03.17 16:10:24.368,11.48043,11.48382,0.00,0.00
2015.03.17 16:10:27.463,11.47952,11.48221,0.00,0.00
2015.03.17 16:10:27.563,11.47988,11.48301,0.00,0.00
2015.03.17 16:10:27.678,11.47989,11.48331,0.00,0.00
2015.03.17 16:10:27.781,11.47988,11.48311,0.00,0.00
2015.03.17 16:10:28.055,11.48038,11.48367,0.00,0.00
2015.03.17 16:10:28.395,11.48023,11.48332,0.00,0.00
2015.03.17 16:10:28.546,11.47988,11.48302,0.00,0.00
2015.03.17 16:10:28.647,11.47952,11.48286,0.00,0.00
2015.03.17 16:10:29.777,11.47949,11.48268,0.00,0.00
2015.03.17 16:10:30.642,11.47949,11.48256,0.00,0.00
2015.03.17 16:10:31.154,11.47949,11.48242,0.00,0.00
2015.03.17 16:10:31.344,11.47949,11.48265,0.00,0.00
2015.03.17 16:10:31.445,11.47949,11.48248,0.00,0.00
2015.03.17 16:10:31.546,11.47949,11.48268,0.00,0.00
2015.03.17 16:10:31.647,11.47949,11.48233,0.00,0.00
2015.03.17 16:10:32.012,11.47949,11.48264,0.00,0.00
2015.03.17 16:10:32.063,11.47949,11.48226,0.00,0.00
2015.03.17 16:10:32.164,11.47949,11.48262,0.00,0.00
2015.03.17 16:10:32.265,11.47949,11.48254,0.00,0.00
2015.03.17 16:10:32.366,11.47949,11.48268,0.00,0.00
2015.03.17 16:10:32.862,11.47949,11.48279,0.00,0.00
2015.03.17 16:10:33.254,11.47988,11.48266,0.00,0.00
2015.03.17 16:10:33.355,11.47988,11.48278,0.00,0.00
2015.03.17 16:10:33.406,11.47988,11.48301,0.00,0.00
2015.03.17 16:10:33.507,11.47988,11.48328,0.00,0.00
2015.03.17 16:10:33.607,11.48038,11.48328,0.00,0.00
2015.03.17 16:10:33.708,11.47991,11.48291,0.00,0.00
2015.03.17 16:10:33.758,11.47988,11.48271,0.00,0.00
2015.03.17 16:10:34.115,11.48039,11.4827,0.00,0.00
2015.03.17 16:10:34.165,11.48039,11.48306,0.00,0.00
2015.03.17 16:10:34.223,11.47989,11.48306,0.00,0.00
2015.03.17 16:10:34.374,11.47951,11.48288,0.00,0.00
2015.03.17 16:10:34.495,11.47949,11.48251,0.00,0.00
2015.03.17 16:10:35.231,11.47949,11.48272,0.00,0.00
2015.03.17 16:10:35.858,11.47949,11.48258,0.00,0.00
2015.03.17 16:10:36.171,11.47762,11.48071,0.00,0.00
2015.03.17 16:10:36.222,11.47789,11.4811,0.00,0.00
2015.03.17 16:10:36.322,11.47838,11.48131,0.00,0.00
2015.03.17 16:10:36.373,11.47838,11.4817,0.00,0.00
2015.03.17 16:10:37.641,11.47898,11.4817,0.00,0.00
2015.03.17 16:10:37.794,11.47899,11.48221,0.00,0.00
2015.03.17 16:10:37.855,11.47892,11.48181,0.00,0.00
2015.03.17 16:10:37.906,11.47874,11.48181,0.00,0.00
2015.03.17 16:10:38.065,11.47862,11.48181,0.00,0.00
2015.03.17 16:10:38.404,11.47862,11.48132,0.00,0.00
2015.03.17 16:10:38.556,11.47902,11.48232,0.00,0.00
2015.03.17 16:10:40.667,11.47952,11.48266,0.00,0.00
2015.03.17 16:10:40.975,11.47929,11.48232,0.00,0.00
2015.03.17 16:10:41.420,11.47911,11.48232,0.00,0.00
2015.03.17 16:10:41.475,11.47913,11.48232,0.00,0.00
2015.03.17 16:10:41.593,11.47948,11.48282,0.00,0.00
2015.03.17 16:10:41.744,11.47951,11.48282,0.00,0.00
2015.03.17 16:10:42.068,11.47951,11.48274,0.00,0.00
2015.03.17 16:10:42.222,11.47951,11.48282,0.00,0.00
2015.03.17 16:10:42.678,11.47953,11.48282,0.00,0.00
2015.03.17 16:10:43.280,11.47951,11.48282,0.00,0.00
2015.03.17 16:10:43.575,11.47951,11.48232,0.00,0.00
2015.03.17 16:10:43.726,11.47999,11.48313,0.00,0.00
2015.03.17 16:10:43.883,11.47999,11.48299,0.00,0.00
2015.03.17 16:10:43.933,11.47952,11.48282,0.00,0.00
2015.03.17 16:10:44.453,11.47952,11.48231,0.00,0.00
2015.03.17 16:10:44.504,11.47916,11.48231,0.00,0.00
2015.03.17 16:10:44.685,11.47911,11.48231,0.00,0.00
2015.03.17 16:10:45.033,11.4792,11.48231,0.00,0.00
2015.03.17 16:10:45.686,11.47911,11.48231,0.00,0.00
2015.03.17 16:10:46.429,11.47923,11.48231,0.00,0.00
2015.03.17 16:10:47.046,11.47929,11.48231,0.00,0.00
2015.03.17 16:10:47.292,11.47911,11.48231,0.00,0.00
2015.03.17 16:10:47.673,11.47948,11.48278,0.00,0.00
2015.03.17 16:10:47.723,11.47961,11.48282,0.00,0.00
2015.03.17 16:10:48.129,11.47931,11.48232,0.00,0.00
2015.03.17 16:10:48.853,11.47931,11.48182,0.00,0.00
2015.03.17 16:10:48.904,11.47852,11.48171,0.00,0.00
2015.03.17 16:10:48.964,11.47852,11.48132,0.00,0.00
2015.03.17 16:10:49.115,11.47852,11.48156,0.00,0.00
2015.03.17 16:10:49.273,11.47841,11.48156,0.00,0.00
2015.03.17 16:10:53.049,11.47898,11.48166,0.00,0.00
2015.03.17 16:10:55.462,11.47841,11.48171,0.00,0.00
2015.03.17 16:10:55.905,11.47898,11.48173,0.00,0.00
2015.03.17 16:10:55.956,11.47898,11.48213,0.00,0.00
2015.03.17 16:10:56.474,11.47899,11.48198,0.00,0.00
2015.03.17 16:10:56.912,11.47899,11.48171,0.00,0.00
2015.03.17 16:10:57.243,11.47881,11.48171,0.00,0.00
2015.03.17 16:10:57.344,11.47838,11.4817,0.00,0.00
2015.03.17 16:10:58.282,11.47838,11.48171,0.00,0.00
2015.03.17 16:10:59.738,11.47865,11.48171,0.00,0.00
2015.03.17 16:11:00.039,11.47839,11.48171,0.00,0.00
2015.03.17 16:11:00.259,11.47851,11.48171,0.00,0.00
2015.03.17 16:11:00.758,11.479,11.48237,0.00,0.00
2015.03.17 16:11:00.858,11.47901,11.4822,0.00,0.00
2015.03.17 16:11:01.192,11.47902,11.48182,0.00,0.00
2015.03.17 16:11:01.242,11.4788,11.48182,0.00,0.00
2015.03.17 16:11:01.774,11.47861,11.48182,0.00,0.00
2015.03.17 16:11:02.212,11.47898,11.48189,0.00,0.00
2015.03.17 16:11:02.427,11.4788,11.48182,0.00,0.00
2015.03.17 16:11:04.049,11.47879,11.48182,0.00,0.00
2015.03.17 16:11:04.801,11.4788,11.48182,0.00,0.00
2015.03.17 16:11:05.122,11.47861,11.48182,0.00,0.00
2015.03.17 16:11:05.603,11.47898,11.48189,0.00,0.00
2015.03.17 16:11:06.259,11.47881,11.48182,0.00,0.00
2015.03.17 16:11:06.359,11.47879,11.48182,0.00,0.00
2015.03.17 16:11:06.707,11.47856,11.48182,0.00,0.00
2015.03.17 16:11:06.758,11.47852,11.48182,0.00,0.00
2015.03.17 16:11:07.328,11.47852,11.4817,0.00,0.00
2015.03.17 16:11:07.764,11.47852,11.48164,0.00,0.00
2015.03.17 16:11:10.207,11.47855,11.4817,0.00,0.00
2015.03.17 16:11:10.258,11.47852,11.48171,0.00,0.00
2015.03.17 16:11:12.292,11.4788,11.4817,0.00,0.00
2015.03.17 16:11:12.922,11.47879,11.48171,0.00,0.00
2015.03.17 16:11:13.329,11.47898,11.48189,0.00,0.00
2015.03.17 16:11:14.039,11.47932,11.48189,0.00,0.00
2015.03.17 16:11:14.090,11.47949,11.48209,0.00,0.00
2015.03.17 16:11:14.190,11.47932,11.48208,0.00,0.00
2015.03.17 16:11:14.392,11.47932,11.48181,0.00,0.00
2015.03.17 16:11:14.622,11.47932,11.48219,0.00,0.00
2015.03.17 16:11:14.672,11.47932,11.48199,0.00,0.00
2015.03.17 16:11:15.007,11.47932,11.48189,0.00,0.00
2015.03.17 16:11:15.057,11.47899,11.48189,0.00,0.00
2015.03.17 16:11:16.070,11.47845,11.48182,0.00,0.00
2015.03.17 16:11:16.120,11.47879,11.48171,0.00,0.00
2015.03.17 16:11:16.476,11.47899,11.48171,0.00,0.00
2015.03.17 16:11:17.342,11.47949,11.48171,0.00,0.00
2015.03.17 16:11:17.443,11.47949,11.48246,0.00,0.00
2015.03.17 16:11:17.897,11.47902,11.48242,0.00,0.00
2015.03.17 16:11:17.947,11.47898,11.48218,0.00,0.00
2015.03.17 16:11:18.252,11.47879,11.48182,0.00,0.00
2015.03.17 16:11:18.603,11.47879,11.48179,0.00,0.00
2015.03.17 16:11:18.781,11.47879,11.48182,0.00,0.00
2015.03.17 16:11:19.458,11.47879,11.48176,0.00,0.00
2015.03.17 16:11:19.509,11.47862,11.48176,0.00,0.00
2015.03.17 16:11:20.486,11.47862,11.48182,0.00,0.00
2015.03.17 16:11:20.584,11.47878,11.48182,0.00,0.00
2015.03.17 16:11:20.822,11.47862,11.48179,0.00,0.00
2015.03.17 16:11:22.087,11.47862,11.48182,0.00,0.00
2015.03.17 16:11:22.138,11.4788,11.48182,0.00,0.00
2015.03.17 16:11:22.438,11.47862,11.48179,0.00,0.00
2015.03.17 16:11:24.654,11.47862,11.48169,0.00,0.00
2015.03.17 16:11:25.293,11.47862,11.48181,0.00,0.00
2015.03.17 16:11:26.550,11.47862,11.48179,0.00,0.00
2015.03.17 16:11:28.949,11.47841,11.48179,0.00,0.00
2015.03.17 16:11:29.101,11.47847,11.48182,0.00,0.00
2015.03.17 16:11:29.471,11.47879,11.48182,0.00,0.00
2015.03.17 16:11:30.433,11.47862,11.48182,0.00,0.00
2015.03.17 16:11:30.534,11.47841,11.48172,0.00,0.00
2015.03.17 16:11:30.703,11.47844,11.48182,0.00,0.00
2015.03.17 16:11:31.841,11.47844,11.48178,0.00,0.00
2015.03.17 16:11:32.143,11.47743,11.48071,0.00,0.00
2015.03.17 16:11:34.655,11.47743,11.48031,0.00,0.00
2015.03.17 16:11:34.756,11.47741,11.48031,0.00,0.00
2015.03.17 16:11:34.857,11.47704,11.48032,0.00,0.00
2015.03.17 16:11:34.958,11.47718,11.48032,0.00,0.00
2015.03.17 16:11:35.008,11.47728,11.48062,0.00,0.00
2015.03.17 16:11:35.059,11.47739,11.48072,0.00,0.00
2015.03.17 16:11:35.397,11.47739,11.48032,0.00,0.00
2015.03.17 16:11:35.767,11.47739,11.48071,0.00,0.00
2015.03.17 16:11:35.818,11.47731,11.48062,0.00,0.00
2015.03.17 16:11:36.143,11.47653,11.47981,0.00,0.00
2015.03.17 16:11:39.396,11.47688,11.47997,0.00,0.00
2015.03.17 16:11:39.446,11.47688,11.48032,0.00,0.00
2015.03.17 16:11:39.497,11.47688,11.47982,0.00,0.00
2015.03.17 16:11:40.089,11.47688,11.47932,0.00,0.00
2015.03.17 16:11:40.140,11.47632,11.47932,0.00,0.00
2015.03.17 16:11:40.191,11.47613,11.47881,0.00,0.00
2015.03.17 16:11:40.241,11.47588,11.47881,0.00,0.00
2015.03.17 16:11:40.292,11.47588,11.47932,0.00,0.00
2015.03.17 16:11:40.925,11.47588,11.47881,0.00,0.00
2015.03.17 16:11:41.027,11.47581,11.47881,0.00,0.00
2015.03.17 16:11:41.078,11.47564,11.47881,0.00,0.00
2015.03.17 16:11:41.252,11.47564,11.47832,0.00,0.00
2015.03.17 16:11:41.553,11.47282,11.47546,0.00,0.00
2015.03.17 16:11:41.604,11.47289,11.47546,0.00,0.00
2015.03.17 16:11:41.655,11.47289,11.47549,0.00,0.00
2015.03.17 16:11:41.705,11.47282,11.47532,0.00,0.00
2015.03.17 16:11:41.845,11.47282,11.47572,0.00,0.00
2015.03.17 16:11:41.950,11.47282,11.47531,0.00,0.00
2015.03.17 16:11:42.103,11.47189,11.47531,0.00,0.00
2015.03.17 16:11:42.259,11.47152,11.47482,0.00,0.00
2015.03.17 16:11:42.465,11.47228,11.47572,0.00,0.00
2015.03.17 16:11:43.062,11.47231,11.47572,0.00,0.00
2015.03.17 16:11:44.096,11.47228,11.47572,0.00,0.00
2015.03.17 16:11:44.772,11.47229,11.47571,0.00,0.00
2015.03.17 16:11:45.679,11.47338,11.47611,0.00,0.00
2015.03.17 16:11:45.729,11.47338,11.47656,0.00,0.00
2015.03.17 16:11:45.780,11.47338,11.47671,0.00,0.00
2015.03.17 16:11:45.890,11.47338,11.47678,0.00,0.00
2015.03.17 16:11:46.912,11.47338,11.47682,0.00,0.00
2015.03.17 16:11:47.221,11.47338,11.4767,0.00,0.00
2015.03.17 16:11:47.740,11.47339,11.4767,0.00,0.00
2015.03.17 16:11:48.727,11.47339,11.47671,0.00,0.00
2015.03.17 16:11:49.208,11.47321,11.47631,0.00,0.00
2015.03.17 16:11:49.309,11.47292,11.47631,0.00,0.00
2015.03.17 16:11:49.862,11.47338,11.4767,0.00,0.00
2015.03.17 16:11:49.913,11.47338,11.47678,0.00,0.00
2015.03.17 16:11:49.963,11.47342,11.47682,0.00,0.00
2015.03.17 16:11:50.502,11.47342,11.47632,0.00,0.00
2015.03.17 16:11:50.603,11.47291,11.47632,0.00,0.00
2015.03.17 16:11:50.754,11.47291,11.47571,0.00,0.00
2015.03.17 16:11:50.855,11.47261,11.47571,0.00,0.00
2015.03.17 16:11:51.481,11.47261,11.4752,0.00,0.00
2015.03.17 16:11:51.531,11.47184,11.47482,0.00,0.00
2015.03.17 16:11:51.582,11.47171,11.47482,0.00,0.00
2015.03.17 16:11:51.852,11.47219,11.47482,0.00,0.00
2015.03.17 16:11:51.953,11.47219,11.47531,0.00,0.00
2015.03.17 16:11:52.054,11.47229,11.47482,0.00,0.00
2015.03.17 16:11:52.154,11.47248,11.47571,0.00,0.00
2015.03.17 16:11:52.729,11.47248,11.47572,0.00,0.00
2015.03.17 16:11:54.285,11.47263,11.47572,0.00,0.00
2015.03.17 16:11:54.806,11.47242,11.47561,0.00,0.00
2015.03.17 16:11:54.909,11.47242,11.47559,0.00,0.00
2015.03.17 16:11:55.113,11.47242,11.47571,0.00,0.00
2015.03.17 16:11:55.287,11.47253,11.47571,0.00,0.00
2015.03.17 16:11:55.873,11.47242,11.47571,0.00,0.00
2015.03.17 16:11:56.089,11.47242,11.47549,0.00,0.00
2015.03.17 16:11:56.425,11.47232,11.47532,0.00,0.00
2015.03.17 16:11:56.812,11.47202,11.47532,0.00,0.00
2015.03.17 16:11:56.872,11.47202,11.47482,0.00,0.00
2015.03.17 16:11:56.977,11.47195,11.47482,0.00,0.00
2015.03.17 16:11:57.028,11.47195,11.47532,0.00,0.00
2015.03.17 16:11:57.079,11.47229,11.47532,0.00,0.00
2015.03.17 16:11:57.545,11.47229,11.47571,0.00,0.00
2015.03.17 16:11:57.596,11.47244,11.47572,0.00,0.00
2015.03.17 16:11:58.095,11.47232,11.47564,0.00,0.00
2015.03.17 16:11:58.299,11.47232,11.4755,0.00,0.00
2015.03.17 16:11:58.611,11.47191,11.47471,0.00,0.00
2015.03.17 16:11:58.661,11.47138,11.47471,0.00,0.00
2015.03.17 16:11:58.712,11.47138,11.47441,0.00,0.00
2015.03.17 16:11:58.964,11.47139,11.47454,0.00,0.00
2015.03.17 16:11:59.015,11.47153,11.47481,0.00,0.00
2015.03.17 16:11:59.196,11.47139,11.47474,0.00,0.00
2015.03.17 16:11:59.246,11.47139,11.47388,0.00,0.00
2015.03.17 16:11:59.297,11.47089,11.47388,0.00,0.00
2015.03.17 16:11:59.398,11.47089,11.47365,0.00,0.00
2015.03.17 16:11:59.448,11.47052,11.47365,0.00,0.00
2015.03.17 16:11:59.498,11.47134,11.47381,0.00,0.00
2015.03.17 16:11:59.549,11.47138,11.47388,0.00,0.00
2015.03.17 16:11:59.649,11.47131,11.47388,0.00,0.00
2015.03.17 16:11:59.750,11.47096,11.47388,0.00,0.00
2015.03.17 16:12:00.244,11.47096,11.47431,0.00,0.00
2015.03.17 16:12:00.391,11.47096,11.47382,0.00,0.00
2015.03.17 16:12:00.442,11.47081,11.47382,0.00,0.00
2015.03.17 16:12:00.495,11.47079,11.47355,0.00,0.00
2015.03.17 16:12:00.546,11.47042,11.47355,0.00,0.00
2015.03.17 16:12:00.704,11.47042,11.47372,0.00,0.00
2015.03.17 16:12:00.754,11.47086,11.47372,0.00,0.00
2015.03.17 16:12:01.099,11.47086,11.47355,0.00,0.00
2015.03.17 16:12:02.105,11.47086,11.47269,0.00,0.00
2015.03.17 16:12:02.155,11.47031,11.47269,0.00,0.00
2015.03.17 16:12:02.206,11.46988,11.47269,0.00,0.00
2015.03.17 16:12:02.306,11.46949,11.47269,0.00,0.00
2015.03.17 16:12:02.357,11.46949,11.4712,0.00,0.00
2015.03.17 16:12:02.458,11.46761,11.47072,0.00,0.00
2015.03.17 16:12:02.558,11.46737,11.47072,0.00,0.00
2015.03.17 16:12:02.659,11.46748,11.47072,0.00,0.00
2015.03.17 16:12:03.608,11.46912,11.47072,0.00,0.00
2015.03.17 16:12:03.659,11.46953,11.47241,0.00,0.00
2015.03.17 16:12:03.766,11.46953,11.47292,0.00,0.00
2015.03.17 16:12:03.922,11.46938,11.47268,0.00,0.00
2015.03.17 16:12:04.232,11.46938,11.47254,0.00,0.00
2015.03.17 16:12:04.566,11.46917,11.47241,0.00,0.00
2015.03.17 16:12:04.667,11.46902,11.47241,0.00,0.00
2015.03.17 16:12:04.717,11.46902,11.47192,0.00,0.00
2015.03.17 16:12:04.818,11.46902,11.47241,0.00,0.00
2015.03.17 16:12:04.868,11.46899,11.4723,0.00,0.00
2015.03.17 16:12:05.342,11.46888,11.47192,0.00,0.00
2015.03.17 16:12:05.465,11.46873,11.47192,0.00,0.00
2015.03.17 16:12:05.523,11.46847,11.47191,0.00,0.00
2015.03.17 16:12:06.326,11.46858,11.47192,0.00,0.00
2015.03.17 16:12:06.426,11.46903,11.47242,0.00,0.00
2015.03.17 16:12:06.551,11.46958,11.47245,0.00,0.00
2015.03.17 16:12:06.872,11.47008,11.47259,0.00,0.00
2015.03.17 16:12:06.922,11.47008,11.47266,0.00,0.00
2015.03.17 16:12:06.973,11.47008,11.4729,0.00,0.00
2015.03.17 16:12:07.356,11.47008,11.47279,0.00,0.00
2015.03.17 16:12:07.457,11.46958,11.47267,0.00,0.00
2015.03.17 16:12:07.558,11.47009,11.47267,0.00,0.00
2015.03.17 16:12:08.786,11.47199,11.4732,0.00,0.00
2015.03.17 16:12:08.836,11.47199,11.47473,0.00,0.00
2015.03.17 16:12:08.887,11.47199,11.47487,0.00,0.00
2015.03.17 16:12:09.944,11.47199,11.47506,0.00,0.00
2015.03.17 16:12:09.994,11.47249,11.47506,0.00,0.00
2015.03.17 16:12:10.045,11.47249,11.47508,0.00,0.00
2015.03.17 16:12:10.146,11.47251,11.47547,0.00,0.00
2015.03.17 16:12:10.196,11.47288,11.47547,0.00,0.00
2015.03.17 16:12:10.247,11.47288,11.47571,0.00,0.00
2015.03.17 16:12:10.663,11.47249,11.47581,0.00,0.00
2015.03.17 16:12:10.713,11.47249,11.47531,0.00,0.00
2015.03.17 16:12:10.764,11.47219,11.47531,0.00,0.00
2015.03.17 16:12:11.139,11.47199,11.47521,0.00,0.00
2015.03.17 16:12:11.322,11.47161,11.47432,0.00,0.00
2015.03.17 16:12:11.524,11.47249,11.47552,0.00,0.00
2015.03.17 16:12:11.949,11.47249,11.47536,0.00,0.00
2015.03.17 16:12:12.737,11.47211,11.47532,0.00,0.00
2015.03.17 16:12:12.788,11.47211,11.47496,0.00,0.00
2015.03.17 16:12:12.838,11.47198,11.47496,0.00,0.00
2015.03.17 16:12:12.939,11.47288,11.47496,0.00,0.00
2015.03.17 16:12:12.989,11.47288,11.47576,0.00,0.00
2015.03.17 16:12:13.091,11.47248,11.47552,0.00,0.00
2015.03.17 16:12:13.152,11.47248,11.47529,0.00,0.00
2015.03.17 16:12:13.414,11.47202,11.47529,0.00,0.00
2015.03.17 16:12:13.464,11.47202,11.4751,0.00,0.00
2015.03.17 16:12:13.515,11.47198,11.4751,0.00,0.00
2015.03.17 16:12:14.058,11.47249,11.47552,0.00,0.00
2015.03.17 16:12:14.404,11.47288,11.47597,0.00,0.00
2015.03.17 16:12:14.555,11.47288,11.47582,0.00,0.00
2015.03.17 16:12:14.706,11.47288,11.47592,0.00,0.00
2015.03.17 16:12:15.056,11.47288,11.47572,0.00,0.00
2015.03.17 16:12:15.378,11.47349,11.47597,0.00,0.00
2015.03.17 16:12:15.479,11.47349,11.4763,0.00,0.00
2015.03.17 16:12:15.580,11.47292,11.47622,0.00,0.00
2015.03.17 16:12:15.681,11.47292,11.47606,0.00,0.00
2015.03.17 16:12:15.982,11.47399,11.47648,0.00,0.00
2015.03.17 16:12:16.033,11.47348,11.47648,0.00,0.00
2015.03.17 16:12:16.083,11.47348,11.47627,0.00,0.00
2015.03.17 16:12:16.860,11.47398,11.47665,0.00,0.00
2015.03.17 16:12:17.104,11.47459,11.47729,0.00,0.00
2015.03.17 16:12:17.155,11.47459,11.47763,0.00,0.00
2015.03.17 16:12:17.875,11.47509,11.47763,0.00,0.00
2015.03.17 16:12:18.075,11.47509,11.47786,0.00,0.00
2015.03.17 16:12:18.176,11.47509,11.47771,0.00,0.00
2015.03.17 16:12:18.981,11.47549,11.47771,0.00,0.00
2015.03.17 16:12:19.082,11.47549,11.47801,0.00,0.00
2015.03.17 16:12:19.283,11.47549,11.47772,0.00,0.00
2015.03.17 16:12:19.434,11.47459,11.47722,0.00,0.00
2015.03.17 16:12:19.485,11.47459,11.47697,0.00,0.00
2015.03.17 16:12:20.302,11.47399,11.47697,0.00,0.00
2015.03.17 16:12:23.170,11.47509,11.47751,0.00,0.00
2015.03.17 16:12:23.221,11.47509,11.47765,0.00,0.00
2015.03.17 16:12:24.311,11.47509,11.47753,0.00,0.00
2015.03.17 16:12:24.620,11.47409,11.47732,0.00,0.00
2015.03.17 16:12:24.721,11.47398,11.47732,0.00,0.00
2015.03.17 16:12:25.098,11.47398,11.47687,0.00,0.00
2015.03.17 16:12:26.122,11.47398,11.4767,0.00,0.00
2015.03.17 16:12:26.172,11.47348,11.47669,0.00,0.00
2015.03.17 16:12:26.223,11.47348,11.47589,0.00,0.00
2015.03.17 16:12:26.273,11.47288,11.47589,0.00,0.00
2015.03.17 16:12:26.382,11.47288,11.47574,0.00,0.00
2015.03.17 16:12:26.583,11.47288,11.47588,0.00,0.00
2015.03.17 16:12:26.684,11.47288,11.47574,0.00,0.00
2015.03.17 16:12:26.785,11.47288,11.47605,0.00,0.00
2015.03.17 16:12:26.835,11.47301,11.47605,0.00,0.00
2015.03.17 16:12:27.036,11.47399,11.4772,0.00,0.00
2015.03.17 16:12:27.087,11.47399,11.47674,0.00,0.00
2015.03.17 16:12:27.391,11.47348,11.47654,0.00,0.00
2015.03.17 16:12:27.492,11.47348,11.47633,0.00,0.00
2015.03.17 16:12:27.863,11.47348,11.47608,0.00,0.00
2015.03.17 16:12:28.170,11.47399,11.47608,0.00,0.00
2015.03.17 16:12:28.220,11.47399,11.47633,0.00,0.00
2015.03.17 16:12:28.321,11.47399,11.47674,0.00,0.00
2015.03.17 16:12:29.207,11.47399,11.47659,0.00,0.00
2015.03.17 16:12:29.490,11.47399,11.4768,0.00,0.00
2015.03.17 16:12:29.591,11.47399,11.47667,0.00,0.00
2015.03.17 16:12:30.292,11.47399,11.47678,0.00,0.00
2015.03.17 16:12:30.393,11.47399,11.47699,0.00,0.00
2015.03.17 16:12:30.835,11.47399,11.47684,0.00,0.00
2015.03.17 16:12:31.179,11.47399,11.47703,0.00,0.00
2015.03.17 16:12:31.507,11.47399,11.47686,0.00,0.00
2015.03.17 16:12:32.439,11.47399,11.47703,0.00,0.00
2015.03.17 16:12:32.490,11.47508,11.47794,0.00,0.00
2015.03.17 16:12:32.871,11.47508,11.47772,0.00,0.00
2015.03.17 16:12:33.300,11.47508,11.4779,0.00,0.00
2015.03.17 16:12:34.001,11.47508,11.47802,0.00,0.00
2015.03.17 16:12:34.102,11.47508,11.47777,0.00,0.00
2015.03.17 16:12:34.603,11.47508,11.47798,0.00,0.00
2015.03.17 16:12:35.003,11.47508,11.47787,0.00,0.00
2015.03.17 16:12:35.643,11.47508,11.47771,0.00,0.00
2015.03.17 16:12:36.044,11.47508,11.47799,0.00,0.00
2015.03.17 16:12:36.306,11.47508,11.47784,0.00,0.00
2015.03.17 16:12:37.765,11.47499,11.47784,0.00,0.00
2015.03.17 16:12:38.008,11.47499,11.47801,0.00,0.00
2015.03.17 16:12:38.425,11.47499,11.47804,0.00,0.00
2015.03.17 16:12:40.111,11.47499,11.47781,0.00,0.00
2015.03.17 16:12:40.212,11.47499,11.47795,0.00,0.00
2015.03.17 16:12:40.313,11.47499,11.47743,0.00,0.00
2015.03.17 16:12:40.364,11.47449,11.47743,0.00,0.00
2015.03.17 16:12:40.414,11.47449,11.47729,0.00,0.00
2015.03.17 16:12:40.676,11.47459,11.47756,0.00,0.00
2015.03.17 16:12:40.776,11.47509,11.47756,0.00,0.00
2015.03.17 16:12:40.827,11.47509,11.47797,0.00,0.00
2015.03.17 16:12:41.429,11.47509,11.47819,0.00,0.00
2015.03.17 16:12:42.142,11.47509,11.47796,0.00,0.00
2015.03.17 16:12:42.580,11.47549,11.4782,0.00,0.00
2015.03.17 16:12:42.917,11.47598,11.4784,0.00,0.00
2015.03.17 16:12:42.967,11.47549,11.4784,0.00,0.00
2015.03.17 16:12:43.018,11.47549,11.47812,0.00,0.00
2015.03.17 16:12:43.355,11.47549,11.47818,0.00,0.00
2015.03.17 16:12:43.456,11.47549,11.47805,0.00,0.00
2015.03.17 16:12:43.860,11.47549,11.47833,0.00,0.00
2015.03.17 16:12:44.263,11.47549,11.47845,0.00,0.00
2015.03.17 16:12:44.501,11.47599,11.47845,0.00,0.00
2015.03.17 16:12:44.551,11.47599,11.47871,0.00,0.00
2015.03.17 16:12:44.652,11.47599,11.47851,0.00,0.00
2015.03.17 16:12:44.753,11.47548,11.47851,0.00,0.00
2015.03.17 16:12:44.941,11.47598,11.47851,0.00,0.00
2015.03.17 16:12:45.044,11.47598,11.47888,0.00,0.00
2015.03.17 16:12:45.145,11.47598,11.47911,0.00,0.00
2015.03.17 16:12:45.710,11.47648,11.47911,0.00,0.00
2015.03.17 16:12:45.865,11.47648,11.47952,0.00,0.00
2015.03.17 16:12:46.068,11.47648,11.47962,0.00,0.00
2015.03.17 16:12:46.122,11.47648,11.47971,0.00,0.00
2015.03.17 16:12:46.173,11.47688,11.47972,0.00,0.00
2015.03.17 16:12:47.006,11.47688,11.47957,0.00,0.00
2015.03.17 16:12:47.065,11.47688,11.47991,0.00,0.00
2015.03.17 16:12:47.381,11.47738,11.47991,0.00,0.00
2015.03.17 16:12:47.431,11.47738,11.48056,0.00,0.00
2015.03.17 16:12:47.532,11.47738,11.48041,0.00,0.00
2015.03.17 16:12:47.902,11.47789,11.48041,0.00,0.00
2015.03.17 16:12:48.427,11.47789,11.48066,0.00,0.00
2015.03.17 16:12:52.668,11.47789,11.48056,0.00,0.00
2015.03.17 16:12:53.889,11.47899,11.48147,0.00,0.00
2015.03.17 16:12:57.681,11.47899,11.48177,0.00,0.00
2015.03.17 16:12:57.781,11.47899,11.48221,0.00,0.00
2015.03.17 16:12:58.923,11.47899,11.4822,0.00,0.00
2015.03.17 16:12:59.180,11.47838,11.48192,0.00,0.00
2015.03.17 16:12:59.978,11.4788,11.48192,0.00,0.00
2015.03.17 16:13:00.029,11.47888,11.48239,0.00,0.00
2015.03.17 16:13:00.079,11.47888,11.48221,0.00,0.00
2015.03.17 16:13:00.449,11.47948,11.48221,0.00,0.00
2015.03.17 16:13:00.906,11.47948,11.48171,0.00,0.00
2015.03.17 16:13:01.588,11.47948,11.4817,0.00,0.00
2015.03.17 16:13:03.001,11.47948,11.48171,0.00,0.00
2015.03.17 16:13:04.121,11.47948,11.4817,0.00,0.00
2015.03.17 16:13:05.058,11.47948,11.48171,0.00,0.00
2015.03.17 16:13:06.627,11.47948,11.4817,0.00,0.00
2015.03.17 16:13:08.358,11.47948,11.48171,0.00,0.00
2015.03.17 16:13:09.188,11.47839,11.48171,0.00,0.00
2015.03.17 16:13:09.375,11.47948,11.48171,0.00,0.00
2015.03.17 16:13:09.426,11.47948,11.48236,0.00,0.00
2015.03.17 16:13:09.477,11.47948,11.48292,0.00,0.00
2015.03.17 16:13:10.579,11.47948,11.48266,0.00,0.00
2015.03.17 16:13:10.830,11.47843,11.48181,0.00,0.00
2015.03.17 16:13:10.980,11.47854,11.48181,0.00,0.00
2015.03.17 16:13:11.282,11.47899,11.48233,0.00,0.00
2015.03.17 16:13:11.387,11.47948,11.48276,0.00,0.00
2015.03.17 16:13:13.478,11.47959,11.48276,0.00,0.00
2015.03.17 16:13:13.808,11.47884,11.48201,0.00,0.00
2015.03.17 16:13:13.920,11.47909,11.48246,0.00,0.00
2015.03.17 16:13:14.464,11.47958,11.48245,0.00,0.00
2015.03.17 16:13:14.514,11.47958,11.4825,0.00,0.00
2015.03.17 16:13:14.565,11.47923,11.48252,0.00,0.00
2015.03.17 16:13:14.615,11.47908,11.48232,0.00,0.00
2015.03.17 16:13:14.927,11.47908,11.48211,0.00,0.00
2015.03.17 16:13:15.845,11.47958,11.48268,0.00,0.00
2015.03.17 16:13:16.011,11.47958,11.48279,0.00,0.00
2015.03.17 16:13:18.120,11.4796,11.48302,0.00,0.00
2015.03.17 16:13:18.171,11.48008,11.48302,0.00,0.00
2015.03.17 16:13:18.221,11.4803,11.48352,0.00,0.00
2015.03.17 16:13:18.280,11.48059,11.48372,0.00,0.00
2015.03.17 16:13:18.615,11.48059,11.48361,0.00,0.00
2015.03.17 16:13:18.818,11.48059,11.48377,0.00,0.00
2015.03.17 16:13:19.160,11.48038,11.48377,0.00,0.00
2015.03.17 16:13:23.131,11.48088,11.48377,0.00,0.00
2015.03.17 16:13:23.181,11.48088,11.48417,0.00,0.00
2015.03.17 16:13:23.232,11.48138,11.48417,0.00,0.00
2015.03.17 16:13:23.450,11.48088,11.48417,0.00,0.00
2015.03.17 16:13:23.796,11.48138,11.48417,0.00,0.00
2015.03.17 16:13:23.846,11.48138,11.48477,0.00,0.00
2015.03.17 16:13:24.048,11.48138,11.48451,0.00,0.00
2015.03.17 16:13:24.249,11.48043,11.48381,0.00,0.00
2015.03.17 16:13:25.663,11.48083,11.48381,0.00,0.00
2015.03.17 16:13:25.763,11.48088,11.48427,0.00,0.00
2015.03.17 16:13:26.163,11.48113,11.48432,0.00,0.00
2015.03.17 16:13:26.552,11.48139,11.48457,0.00,0.00
2015.03.17 16:13:26.871,11.48131,11.48427,0.00,0.00
2015.03.17 16:13:27.595,11.48089,11.48427,0.00,0.00
2015.03.17 16:13:28.686,11.48131,11.48431,0.00,0.00
2015.03.17 16:13:28.737,11.48139,11.48441,0.00,0.00
2015.03.17 16:13:28.788,11.48139,11.48477,0.00,0.00
2015.03.17 16:13:30.443,11.48133,11.48431,0.00,0.00
2015.03.17 16:13:30.615,11.47958,11.48288,0.00,0.00
2015.03.17 16:13:31.413,11.47948,11.48279,0.00,0.00
2015.03.17 16:13:31.513,11.47948,11.48232,0.00,0.00
2015.03.17 16:13:31.616,11.47899,11.48232,0.00,0.00
2015.03.17 16:13:32.074,11.47904,11.48241,0.00,0.00
2015.03.17 16:13:32.175,11.47893,11.48182,0.00,0.00
2015.03.17 16:13:32.276,11.47858,11.48182,0.00,0.00
2015.03.17 16:13:33.953,11.47858,11.4817,0.00,0.00
2015.03.17 16:13:34.104,11.47838,11.48177,0.00,0.00
2015.03.17 16:13:34.303,11.47838,11.48157,0.00,0.00
2015.03.17 16:13:35.562,11.47788,11.48073,0.00,0.00
2015.03.17 16:13:35.613,11.47732,11.48072,0.00,0.00
2015.03.17 16:13:35.891,11.47732,11.48056,0.00,0.00
2015.03.17 16:13:36.493,11.47732,11.48068,0.00,0.00
2015.03.17 16:13:36.599,11.47732,11.48072,0.00,0.00
2015.03.17 16:13:47.688,11.47788,11.48101,0.00,0.00
2015.03.17 16:13:47.739,11.47788,11.48108,0.00,0.00
2015.03.17 16:13:47.860,11.47788,11.48132,0.00,0.00
2015.03.17 16:13:47.910,11.47838,11.48161,0.00,0.00
2015.03.17 16:13:48.020,11.47838,11.48178,0.00,0.00
2015.03.17 16:13:48.662,11.47838,11.48182,0.00,0.00
2015.03.17 16:13:49.850,11.47852,11.48181,0.00,0.00
2015.03.17 16:13:49.951,11.47839,11.48181,0.00,0.00
2015.03.17 16:13:50.084,11.47855,11.48181,0.00,0.00
2015.03.17 16:13:50.474,11.47839,11.48161,0.00,0.00
2015.03.17 16:13:51.564,11.47846,11.48181,0.00,0.00
2015.03.17 16:13:52.961,11.47848,11.48181,0.00,0.00
2015.03.17 16:13:53.344,11.47866,11.48181,0.00,0.00
2015.03.17 16:13:53.450,11.47853,11.48181,0.00,0.00
2015.03.17 16:13:54.052,11.47869,11.48181,0.00,0.00
2015.03.17 16:13:54.753,11.47853,11.48181,0.00,0.00
2015.03.17 16:13:54.969,11.47868,11.48181,0.00,0.00
2015.03.17 16:14:00.179,11.47868,11.48179,0.00,0.00
2015.03.17 16:14:00.595,11.47868,11.48161,0.00,0.00
2015.03.17 16:14:00.915,11.47936,11.48242,0.00,0.00
2015.03.17 16:14:00.965,11.47949,11.48251,0.00,0.00
2015.03.17 16:14:02.327,11.47949,11.48188,0.00,0.00
2015.03.17 16:14:02.381,11.47868,11.48181,0.00,0.00
2015.03.17 16:14:03.073,11.47853,11.48181,0.00,0.00
2015.03.17 16:14:03.701,11.47839,11.4818,0.00,0.00
2015.03.17 16:14:03.774,11.47839,11.48166,0.00,0.00
2015.03.17 16:14:04.577,11.47839,11.4818,0.00,0.00
2015.03.17 16:14:05.133,11.47839,11.48181,0.00,0.00
2015.03.17 16:14:05.409,11.47899,11.48188,0.00,0.00
2015.03.17 16:14:05.509,11.47899,11.48217,0.00,0.00
2015.03.17 16:14:09.186,11.47899,11.48227,0.00,0.00
2015.03.17 16:14:10.352,11.47885,11.48182,0.00,0.00
2015.03.17 16:14:10.403,11.47863,11.48182,0.00,0.00
2015.03.17 16:14:10.786,11.47898,11.48189,0.00,0.00
2015.03.17 16:14:11.440,11.47948,11.48228,0.00,0.00
2015.03.17 16:14:11.541,11.47948,11.48276,0.00,0.00
2015.03.17 16:14:11.812,11.47954,11.48279,0.00,0.00
2015.03.17 16:14:11.963,11.48039,11.48381,0.00,0.00
2015.03.17 16:14:12.070,11.48039,11.48331,0.00,0.00
2015.03.17 16:14:12.121,11.48031,11.48326,0.00,0.00
2015.03.17 16:14:12.222,11.48031,11.48311,0.00,0.00
2015.03.17 16:14:12.293,11.48031,11.48326,0.00,0.00
2015.03.17 16:14:12.830,11.47989,11.48326,0.00,0.00
2015.03.17 16:14:13.189,11.48039,11.48326,0.00,0.00
2015.03.17 16:14:13.239,11.48039,11.48355,0.00,0.00
2015.03.17 16:14:13.340,11.48046,11.48379,0.00,0.00
2015.03.17 16:14:13.843,11.48046,11.48381,0.00,0.00
2015.03.17 16:14:16.815,11.48052,11.48381,0.00,0.00
2015.03.17 16:14:17.120,11.48138,11.48466,0.00,0.00
2015.03.17 16:14:17.637,11.48138,11.48477,0.00,0.00
2015.03.17 16:14:18.319,11.48138,11.48467,0.00,0.00
2015.03.17 16:14:18.370,11.48146,11.48482,0.00,0.00
2015.03.17 16:14:18.507,11.4816,11.48482,0.00,0.00
2015.03.17 16:14:18.908,11.48144,11.48482,0.00,0.00
2015.03.17 16:14:19.109,11.48138,11.48468,0.00,0.00
2015.03.17 16:14:19.937,11.4816,11.48482,0.00,0.00
2015.03.17 16:14:20.247,11.48142,11.48482,0.00,0.00
2015.03.17 16:14:20.555,11.48158,11.48482,0.00,0.00
2015.03.17 16:14:20.844,11.4814,11.48482,0.00,0.00
2015.03.17 16:14:21.929,11.48156,11.48482,0.00,0.00
2015.03.17 16:14:22.030,11.48153,11.48482,0.00,0.00
2015.03.17 16:14:22.665,11.48138,11.48482,0.00,0.00
2015.03.17 16:14:23.117,11.48153,11.48482,0.00,0.00
2015.03.17 16:14:24.191,11.48138,11.48476,0.00,0.00
2015.03.17 16:14:24.346,11.48146,11.48482,0.00,0.00
2015.03.17 16:14:24.800,11.48138,11.48474,0.00,0.00
2015.03.17 16:14:24.850,11.48142,11.48482,0.00,0.00
2015.03.17 16:14:24.924,11.48138,11.48468,0.00,0.00
2015.03.17 16:14:28.029,11.48138,11.48482,0.00,0.00
2015.03.17 16:14:28.137,11.48138,11.48466,0.00,0.00
2015.03.17 16:14:31.185,11.48131,11.48431,0.00,0.00
2015.03.17 16:14:31.236,11.48108,11.48431,0.00,0.00
2015.03.17 16:14:31.286,11.48108,11.48421,0.00,0.00
2015.03.17 16:14:31.337,11.48089,11.48421,0.00,0.00
2015.03.17 16:14:35.245,11.48094,11.48421,0.00,0.00
2015.03.17 16:14:35.576,11.48089,11.4842,0.00,0.00
2015.03.17 16:14:35.955,11.48043,11.48382,0.00,0.00
2015.03.17 16:14:36.039,11.48129,11.48382,0.00,0.00
2015.03.17 16:14:36.358,11.48188,11.48389,0.00,0.00
2015.03.17 16:14:36.408,11.48139,11.48389,0.00,0.00
2015.03.17 16:14:36.590,11.48139,11.4848,0.00,0.00
2015.03.17 16:14:37.828,11.48138,11.48432,0.00,0.00
2015.03.17 16:14:37.878,11.48123,11.48432,0.00,0.00
2015.03.17 16:14:38.157,11.48139,11.48449,0.00,0.00
2015.03.17 16:14:38.263,11.48139,11.48478,0.00,0.00
2015.03.17 16:14:42.078,11.4815,11.48478,0.00,0.00
2015.03.17 16:14:42.397,11.48139,11.48478,0.00,0.00
2015.03.17 16:14:42.707,11.48156,11.48478,0.00,0.00
2015.03.17 16:14:42.913,11.48139,11.48478,0.00,0.00
2015.03.17 16:14:42.965,11.48139,11.48421,0.00,0.00
2015.03.17 16:14:43.116,11.48089,11.48388,0.00,0.00
2015.03.17 16:14:43.340,11.48068,11.48382,0.00,0.00
2015.03.17 16:14:43.391,11.48043,11.48382,0.00,0.00
2015.03.17 16:14:43.483,11.48038,11.48375,0.00,0.00
2015.03.17 16:14:43.787,11.48063,11.48371,0.00,0.00
2015.03.17 16:14:44.190,11.48051,11.48371,0.00,0.00
2015.03.17 16:14:44.391,11.48067,11.48371,0.00,0.00
2015.03.17 16:14:45.775,11.48067,11.4837,0.00,0.00
2015.03.17 16:14:46.077,11.48019,11.4832,0.00,0.00
2015.03.17 16:14:46.392,11.48038,11.4832,0.00,0.00
2015.03.17 16:14:46.731,11.48088,11.48361,0.00,0.00
2015.03.17 16:14:46.782,11.48123,11.48421,0.00,0.00
2015.03.17 16:14:46.980,11.48138,11.48421,0.00,0.00
2015.03.17 16:14:47.031,11.48138,11.48439,0.00,0.00
2015.03.17 16:14:47.132,11.48158,11.4847,0.00,0.00
2015.03.17 16:14:47.557,11.48138,11.4847,0.00,0.00
2015.03.17 16:14:47.916,11.48158,11.4847,0.00,0.00
2015.03.17 16:14:48.529,11.48158,11.48471,0.00,0.00
2015.03.17 16:14:49.729,11.48138,11.48451,0.00,0.00
2015.03.17 16:14:49.974,11.48107,11.48421,0.00,0.00
2015.03.17 16:14:50.591,11.48107,11.4842,0.00,0.00
2015.03.17 16:14:50.779,11.48132,11.4842,0.00,0.00
2015.03.17 16:14:50.935,11.48163,11.48479,0.00,0.00
2015.03.17 16:14:51.738,11.48164,11.48432,0.00,0.00
2015.03.17 16:14:51.870,11.48132,11.48432,0.00,0.00
2015.03.17 16:14:51.977,11.48173,11.48479,0.00,0.00
2015.03.17 16:14:52.077,11.48091,11.48388,0.00,0.00
2015.03.17 16:14:52.178,11.48041,11.48343,0.00,0.00
2015.03.17 16:14:52.289,11.48041,11.48348,0.00,0.00
2015.03.17 16:14:52.389,11.48042,11.48331,0.00,0.00
2015.03.17 16:14:52.802,11.48059,11.48332,0.00,0.00
2015.03.17 16:14:53.147,11.48033,11.48332,0.00,0.00
2015.03.17 16:14:55.058,11.48054,11.48332,0.00,0.00
2015.03.17 16:14:55.454,11.48038,11.48332,0.00,0.00
2015.03.17 16:15:00.390,11.4796,11.48288,0.00,0.00
2015.03.17 16:15:00.466,11.47976,11.48288,0.00,0.00
2015.03.17 16:15:00.567,11.4796,11.48288,0.00,0.00
2015.03.17 16:15:00.777,11.47976,11.48288,0.00,0.00
2015.03.17 16:15:00.967,11.47961,11.48288,0.00,0.00
2015.03.17 16:15:01.068,11.4798,11.48288,0.00,0.00
2015.03.17 16:15:01.378,11.47959,11.48288,0.00,0.00
2015.03.17 16:15:01.686,11.47971,11.48288,0.00,0.00
2015.03.17 16:15:02.168,11.47971,11.48239,0.00,0.00
2015.03.17 16:15:02.218,11.47886,11.48182,0.00,0.00
2015.03.17 16:15:02.270,11.4785,11.48182,0.00,0.00
2015.03.17 16:15:02.516,11.47883,11.48182,0.00,0.00
2015.03.17 16:15:02.617,11.47854,11.48182,0.00,0.00
2015.03.17 16:15:02.671,11.47869,11.48182,0.00,0.00
2015.03.17 16:15:02.905,11.47854,11.48182,0.00,0.00
2015.03.17 16:15:03.225,11.47854,11.48168,0.00,0.00
2015.03.17 16:15:03.574,11.47881,11.48168,0.00,0.00
2015.03.17 16:15:03.783,11.47868,11.48168,0.00,0.00
2015.03.17 16:15:03.884,11.47854,11.48168,0.00,0.00
2015.03.17 16:15:04.301,11.47867,11.48168,0.00,0.00
2015.03.17 16:15:06.200,11.47848,11.48168,0.00,0.00
2015.03.17 16:15:06.379,11.47882,11.48168,0.00,0.00
2015.03.17 16:15:06.580,11.47793,11.48128,0.00,0.00
2015.03.17 16:15:06.780,11.4787,11.48128,0.00,0.00
2015.03.17 16:15:06.881,11.4787,11.48168,0.00,0.00
2015.03.17 16:15:06.982,11.47856,11.48168,0.00,0.00
2015.03.17 16:15:07.082,11.4787,11.48168,0.00,0.00
2015.03.17 16:15:07.183,11.47838,11.48168,0.00,0.00
2015.03.17 16:15:07.468,11.47838,11.48132,0.00,0.00
2015.03.17 16:15:07.779,11.47831,11.48119,0.00,0.00
2015.03.17 16:15:08.423,11.47809,11.48119,0.00,0.00
2015.03.17 16:15:09.639,11.47789,11.48119,0.00,0.00
2015.03.17 16:15:09.689,11.47803,11.48119,0.00,0.00
2015.03.17 16:15:09.995,11.47839,11.48119,0.00,0.00
2015.03.17 16:15:10.046,11.47839,11.48159,0.00,0.00
2015.03.17 16:15:10.097,11.47867,11.48159,0.00,0.00
2015.03.17 16:15:10.287,11.4786,11.48181,0.00,0.00
2015.03.17 16:15:10.387,11.47892,11.48181,0.00,0.00
2015.03.17 16:15:10.887,11.47876,11.48181,0.00,0.00
2015.03.17 16:15:11.204,11.47839,11.48168,0.00,0.00
2015.03.17 16:15:11.499,11.4784,11.48171,0.00,0.00
2015.03.17 16:15:11.550,11.4784,11.48132,0.00,0.00
2015.03.17 16:15:11.600,11.47792,11.48129,0.00,0.00
2015.03.17 16:15:11.651,11.47792,11.48071,0.00,0.00
2015.03.17 16:15:11.701,11.47778,11.48071,0.00,0.00
2015.03.17 16:15:12.316,11.47798,11.48071,0.00,0.00
2015.03.17 16:15:12.419,11.47773,11.48071,0.00,0.00
2015.03.17 16:15:12.528,11.47761,11.48071,0.00,0.00
2015.03.17 16:15:12.826,11.47784,11.48071,0.00,0.00
2015.03.17 16:15:13.002,11.47762,11.48071,0.00,0.00
2015.03.17 16:15:13.493,11.47777,11.48071,0.00,0.00
2015.03.17 16:15:14.758,11.47742,11.48071,0.00,0.00
2015.03.17 16:15:14.810,11.47755,11.48071,0.00,0.00
2015.03.17 16:15:15.144,11.47773,11.48071,0.00,0.00
2015.03.17 16:15:16.499,11.47762,11.48071,0.00,0.00
2015.03.17 16:15:17.425,11.47881,11.48132,0.00,0.00
2015.03.17 16:15:18.854,11.47846,11.48132,0.00,0.00
2015.03.17 16:15:19.114,11.47846,11.48072,0.00,0.00
2015.03.17 16:15:19.215,11.47818,11.48072,0.00,0.00
2015.03.17 16:15:19.316,11.47786,11.48072,0.00,0.00
2015.03.17 16:15:19.416,11.4777,11.48072,0.00,0.00
2015.03.17 16:15:19.623,11.47787,11.48072,0.00,0.00
2015.03.17 16:15:19.705,11.47774,11.48072,0.00,0.00
2015.03.17 16:15:20.328,11.47744,11.48072,0.00,0.00
2015.03.17 16:15:20.515,11.47731,11.48072,0.00,0.00
2015.03.17 16:15:26.462,11.47743,11.48072,0.00,0.00
2015.03.17 16:15:27.008,11.47743,11.48071,0.00,0.00
2015.03.17 16:15:27.256,11.47731,11.48067,0.00,0.00
2015.03.17 16:15:29.169,11.47755,11.48071,0.00,0.00
2015.03.17 16:15:29.219,11.47739,11.48072,0.00,0.00
2015.03.17 16:15:35.161,11.4775,11.48062,0.00,0.00
2015.03.17 16:15:35.437,11.47849,11.48174,0.00,0.00
2015.03.17 16:15:36.683,11.47849,11.48158,0.00,0.00
2015.03.17 16:15:37.227,11.47794,11.48121,0.00,0.00
2015.03.17 16:15:37.285,11.47789,11.48121,0.00,0.00
2015.03.17 16:15:37.812,11.47849,11.48123,0.00,0.00
2015.03.17 16:15:37.862,11.47849,11.48158,0.00,0.00
2015.03.17 16:15:38.540,11.47849,11.48163,0.00,0.00
2015.03.17 16:15:44.047,11.47931,11.48163,0.00,0.00
2015.03.17 16:15:44.198,11.47948,11.48193,0.00,0.00
2015.03.17 16:15:44.255,11.47948,11.48273,0.00,0.00
2015.03.17 16:15:45.169,11.47948,11.48189,0.00,0.00
2015.03.17 16:15:45.219,11.47931,11.48182,0.00,0.00
2015.03.17 16:15:45.320,11.47879,11.48182,0.00,0.00
2015.03.17 16:15:45.694,11.4785,11.48182,0.00,0.00
2015.03.17 16:15:46.208,11.4785,11.48121,0.00,0.00
2015.03.17 16:15:46.308,11.47834,11.48121,0.00,0.00
2015.03.17 16:15:46.409,11.47848,11.48163,0.00,0.00
2015.03.17 16:15:46.460,11.47848,11.48142,0.00,0.00
2015.03.17 16:15:46.560,11.47759,11.48072,0.00,0.00
2015.03.17 16:15:49.703,11.47789,11.48108,0.00,0.00
2015.03.17 16:15:49.753,11.47802,11.48121,0.00,0.00
2015.03.17 16:15:50.008,11.47795,11.48121,0.00,0.00
2015.03.17 16:15:50.108,11.47789,11.48121,0.00,0.00
2015.03.17 16:15:50.458,11.47779,11.48072,0.00,0.00
2015.03.17 16:15:50.924,11.47788,11.48089,0.00,0.00
2015.03.17 16:15:51.637,11.47788,11.48122,0.00,0.00
2015.03.17 16:15:53.032,11.47848,11.48137,0.00,0.00
2015.03.17 16:15:53.082,11.47879,11.48182,0.00,0.00
2015.03.17 16:15:53.133,11.47949,11.48189,0.00,0.00
2015.03.17 16:15:53.641,11.47949,11.48258,0.00,0.00
2015.03.17 16:15:53.868,11.47931,11.48231,0.00,0.00
2015.03.17 16:15:54.609,11.47899,11.48231,0.00,0.00
2015.03.17 16:15:55.085,11.47891,11.48182,0.00,0.00
2015.03.17 16:15:55.135,11.47876,11.48182,0.00,0.00
2015.03.17 16:15:55.236,11.47848,11.48174,0.00,0.00
2015.03.17 16:15:58.114,11.47948,11.48234,0.00,0.00
2015.03.17 16:15:58.193,11.47948,11.48273,0.00,0.00
2015.03.17 16:16:04.657,11.48049,11.48285,0.00,0.00
2015.03.17 16:16:04.757,11.48049,11.48373,0.00,0.00
2015.03.17 16:16:09.658,11.48049,11.48364,0.00,0.00
2015.03.17 16:16:10.058,11.4802,11.48331,0.00,0.00
2015.03.17 16:16:10.158,11.48005,11.48331,0.00,0.00
2015.03.17 16:16:10.276,11.47999,11.48323,0.00,0.00
2015.03.17 16:16:10.571,11.47956,11.48282,0.00,0.00
2015.03.17 16:16:15.373,11.47948,11.48282,0.00,0.00
2015.03.17 16:16:16.073,11.47958,11.48282,0.00,0.00
2015.03.17 16:16:17.482,11.47954,11.48282,0.00,0.00
2015.03.17 16:16:17.863,11.47948,11.48282,0.00,0.00
2015.03.17 16:16:18.295,11.47958,11.48282,0.00,0.00
2015.03.17 16:16:19.193,11.47998,11.48318,0.00,0.00
2015.03.17 16:16:19.294,11.47998,11.48332,0.00,0.00
2015.03.17 16:16:19.395,11.47992,11.48281,0.00,0.00
2015.03.17 16:16:19.466,11.4798,11.48281,0.00,0.00
2015.03.17 16:16:19.880,11.47999,11.48331,0.00,0.00
2015.03.17 16:16:20.210,11.47999,11.48324,0.00,0.00
2015.03.17 16:16:20.372,11.47999,11.48331,0.00,0.00
2015.03.17 16:16:20.678,11.47999,11.48324,0.00,0.00
2015.03.17 16:16:21.760,11.48,11.48331,0.00,0.00
2015.03.17 16:16:21.872,11.47999,11.48329,0.00,0.00
2015.03.17 16:16:22.273,11.47999,11.48331,0.00,0.00
2015.03.17 16:16:22.579,11.48048,11.48341,0.00,0.00
2015.03.17 16:16:22.679,11.48048,11.48359,0.00,0.00
2015.03.17 16:16:22.830,11.48032,11.48332,0.00,0.00
2015.03.17 16:16:22.881,11.47998,11.48332,0.00,0.00
2015.03.17 16:16:22.931,11.47991,11.48282,0.00,0.00
2015.03.17 16:16:22.982,11.4796,11.48282,0.00,0.00
2015.03.17 16:16:23.268,11.47999,11.48288,0.00,0.00
2015.03.17 16:16:24.147,11.47999,11.48331,0.00,0.00
2015.03.17 16:16:27.191,11.48031,11.48331,0.00,0.00
2015.03.17 16:16:27.242,11.4807,11.48382,0.00,0.00
2015.03.17 16:16:27.404,11.4806,11.48382,0.00,0.00
2015.03.17 16:16:27.807,11.48048,11.48377,0.00,0.00
2015.03.17 16:16:27.908,11.48048,11.48366,0.00,0.00
2015.03.17 16:16:28.059,11.48013,11.48332,0.00,0.00
2015.03.17 16:16:28.465,11.48005,11.48332,0.00,0.00
2015.03.17 16:16:28.516,11.48032,11.48332,0.00,0.00
2015.03.17 16:16:28.768,11.48048,11.48361,0.00,0.00
2015.03.17 16:16:29.108,11.48048,11.48382,0.00,0.00
2015.03.17 16:16:29.330,11.48048,11.48376,0.00,0.00
2015.03.17 16:16:29.733,11.48058,11.48382,0.00,0.00
2015.03.17 16:16:29.847,11.48048,11.48382,0.00,0.00
2015.03.17 16:16:29.949,11.48032,11.48332,0.00,0.00
2015.03.17 16:16:30.000,11.48008,11.48332,0.00,0.00
2015.03.17 16:16:30.101,11.48048,11.48339,0.00,0.00
2015.03.17 16:16:30.151,11.48048,11.48378,0.00,0.00
2015.03.17 16:16:30.618,11.48048,11.48359,0.00,0.00
2015.03.17 16:16:30.928,11.48048,11.48338,0.00,0.00
2015.03.17 16:16:31.520,11.48048,11.48382,0.00,0.00
2015.03.17 16:16:31.872,11.48048,11.48371,0.00,0.00
2015.03.17 16:16:32.373,11.48048,11.48339,0.00,0.00
2015.03.17 16:16:32.948,11.48048,11.48364,0.00,0.00
2015.03.17 16:16:34.728,11.48048,11.48373,0.00,0.00
2015.03.17 16:16:41.486,11.48048,11.48382,0.00,0.00
2015.03.17 16:16:42.098,11.48059,11.48382,0.00,0.00
2015.03.17 16:16:44.772,11.48048,11.48379,0.00,0.00
2015.03.17 16:16:45.073,11.48052,11.48382,0.00,0.00
2015.03.17 16:16:45.556,11.48068,11.48382,0.00,0.00
2015.03.17 16:16:45.803,11.48048,11.48382,0.00,0.00
2015.03.17 16:16:46.408,11.48079,11.48382,0.00,0.00
2015.03.17 16:16:46.459,11.48098,11.48414,0.00,0.00
2015.03.17 16:16:46.509,11.4814,11.48432,0.00,0.00
2015.03.17 16:16:46.660,11.4814,11.48471,0.00,0.00
2015.03.17 16:16:47.284,11.48152,11.48471,0.00,0.00
2015.03.17 16:16:47.601,11.48165,11.4847,0.00,0.00
2015.03.17 16:16:47.702,11.48151,11.48471,0.00,0.00
2015.03.17 16:16:48.122,11.48139,11.48471,0.00,0.00
2015.03.17 16:16:48.297,11.48149,11.4847,0.00,0.00
2015.03.17 16:16:48.788,11.48139,11.4847,0.00,0.00
2015.03.17 16:16:48.996,11.48142,11.4847,0.00,0.00
2015.03.17 16:16:49.215,11.48189,11.4852,0.00,0.00
2015.03.17 16:16:49.315,11.48182,11.48472,0.00,0.00
2015.03.17 16:16:49.700,11.48166,11.48472,0.00,0.00
2015.03.17 16:16:50.648,11.48189,11.48488,0.00,0.00
2015.03.17 16:16:50.964,11.48191,11.48488,0.00,0.00
2015.03.17 16:16:51.015,11.48191,11.48521,0.00,0.00
2015.03.17 16:16:51.449,11.48189,11.48503,0.00,0.00
2015.03.17 16:16:51.806,11.48238,11.48521,0.00,0.00
2015.03.17 16:16:53.011,11.48238,11.4852,0.00,0.00
2015.03.17 16:16:53.604,11.48238,11.48521,0.00,0.00
2015.03.17 16:16:54.525,11.48238,11.4852,0.00,0.00
2015.03.17 16:16:57.601,11.48238,11.48521,0.00,0.00
2015.03.17 16:16:58.736,11.48238,11.4852,0.00,0.00
2015.03.17 16:16:59.299,11.48222,11.4852,0.00,0.00
2015.03.17 16:16:59.400,11.48195,11.4852,0.00,0.00
2015.03.17 16:16:59.451,11.48142,11.48472,0.00,0.00
2015.03.17 16:16:59.973,11.48179,11.48483,0.00,0.00
2015.03.17 16:17:00.836,11.48179,11.48489,0.00,0.00
2015.03.17 16:17:01.553,11.48179,11.48484,0.00,0.00
2015.03.17 16:17:02.642,11.48179,11.48511,0.00,0.00
2015.03.17 16:17:02.693,11.48192,11.48511,0.00,0.00
2015.03.17 16:17:02.996,11.48228,11.48495,0.00,0.00
2015.03.17 16:17:05.261,11.48232,11.48493,0.00,0.00
2015.03.17 16:17:05.335,11.48232,11.48515,0.00,0.00
2015.03.17 16:17:05.636,11.48232,11.48494,0.00,0.00
2015.03.17 16:17:05.827,11.48229,11.48494,0.00,0.00
2015.03.17 16:17:06.039,11.48229,11.48504,0.00,0.00
2015.03.17 16:17:06.252,11.48278,11.48521,0.00,0.00
2015.03.17 16:17:06.353,11.48278,11.48579,0.00,0.00
2015.03.17 16:17:06.818,11.48278,11.48588,0.00,0.00
2015.03.17 16:17:10.892,11.48329,11.48588,0.00,0.00
2015.03.17 16:17:10.992,11.48279,11.48589,0.00,0.00
2015.03.17 16:17:11.513,11.48329,11.48589,0.00,0.00
2015.03.17 16:17:11.664,11.48329,11.48619,0.00,0.00
2015.03.17 16:17:11.976,11.48329,11.48604,0.00,0.00
2015.03.17 16:17:12.077,11.48278,11.48589,0.00,0.00
2015.03.17 16:17:12.717,11.48316,11.48612,0.00,0.00
2015.03.17 16:17:13.050,11.48378,11.4866,0.00,0.00
2015.03.17 16:17:13.366,11.48378,11.48671,0.00,0.00
2015.03.17 16:17:13.472,11.48378,11.48674,0.00,0.00
2015.03.17 16:17:14.900,11.48421,11.48674,0.00,0.00
2015.03.17 16:17:15.000,11.48421,11.48712,0.00,0.00
2015.03.17 16:17:15.051,11.48439,11.48751,0.00,0.00
2015.03.17 16:17:15.151,11.48488,11.48775,0.00,0.00
2015.03.17 16:17:15.491,11.48529,11.48775,0.00,0.00
2015.03.17 16:17:15.592,11.48579,11.48875,0.00,0.00
2015.03.17 16:17:16.705,11.48551,11.4882,0.00,0.00
2015.03.17 16:17:16.756,11.48531,11.4882,0.00,0.00
2015.03.17 16:17:16.863,11.48488,11.48784,0.00,0.00
2015.03.17 16:17:18.766,11.48452,11.48772,0.00,0.00
2015.03.17 16:17:18.867,11.4844,11.48772,0.00,0.00
2015.03.17 16:17:18.917,11.48489,11.48769,0.00,0.00
2015.03.17 16:17:19.308,11.48489,11.48755,0.00,0.00
2015.03.17 16:17:19.961,11.48528,11.48814,0.00,0.00
2015.03.17 16:17:20.012,11.48492,11.488,0.00,0.00
2015.03.17 16:17:20.063,11.48488,11.488,0.00,0.00
2015.03.17 16:17:20.113,11.48488,11.48785,0.00,0.00
2015.03.17 16:17:20.510,11.48488,11.48759,0.00,0.00
2015.03.17 16:17:20.560,11.48451,11.48759,0.00,0.00
2015.03.17 16:17:20.611,11.48451,11.48718,0.00,0.00
2015.03.17 16:17:20.883,11.48438,11.48715,0.00,0.00
2015.03.17 16:17:21.988,11.48438,11.4872,0.00,0.00
2015.03.17 16:17:22.338,11.48438,11.48718,0.00,0.00
2015.03.17 16:17:22.686,11.48438,11.48704,0.00,0.00
2015.03.17 16:17:23.094,11.48489,11.48721,0.00,0.00
2015.03.17 16:17:23.195,11.48451,11.48772,0.00,0.00
2015.03.17 16:17:23.296,11.48451,11.48759,0.00,0.00
2015.03.17 16:17:23.597,11.48451,11.48734,0.00,0.00
2015.03.17 16:17:25.361,11.48488,11.48779,0.00,0.00
2015.03.17 16:17:25.527,11.48451,11.48754,0.00,0.00
2015.03.17 16:17:25.628,11.48488,11.488,0.00,0.00
2015.03.17 16:17:25.679,11.48488,11.48822,0.00,0.00
2015.03.17 16:17:25.805,11.48488,11.48814,0.00,0.00
2015.03.17 16:17:26.306,11.48488,11.48799,0.00,0.00
2015.03.17 16:17:26.557,11.48528,11.48846,0.00,0.00
2015.03.17 16:17:27.151,11.48528,11.48861,0.00,0.00
2015.03.17 16:17:27.201,11.48532,11.48861,0.00,0.00
2015.03.17 16:17:27.595,11.48579,11.48891,0.00,0.00
2015.03.17 16:17:27.998,11.48579,11.48875,0.00,0.00
2015.03.17 16:17:28.250,11.48489,11.488,0.00,0.00
2015.03.17 16:17:28.566,11.48489,11.48812,0.00,0.00
2015.03.17 16:17:29.824,11.4849,11.48821,0.00,0.00
2015.03.17 16:17:30.227,11.48489,11.48802,0.00,0.00
2015.03.17 16:17:32.785,11.48489,11.48821,0.00,0.00
2015.03.17 16:17:32.937,11.48489,11.48809,0.00,0.00
2015.03.17 16:17:33.639,11.48489,11.48785,0.00,0.00
2015.03.17 16:17:33.740,11.48451,11.48764,0.00,0.00
2015.03.17 16:17:34.474,11.48439,11.4872,0.00,0.00
2015.03.17 16:17:34.526,11.48378,11.48684,0.00,0.00
2015.03.17 16:17:34.953,11.48378,11.48699,0.00,0.00
2015.03.17 16:17:35.365,11.48378,11.48685,0.00,0.00
2015.03.17 16:17:35.517,11.48352,11.48661,0.00,0.00
2015.03.17 16:17:35.722,11.48379,11.48675,0.00,0.00
2015.03.17 16:17:35.772,11.48379,11.48706,0.00,0.00
2015.03.17 16:17:36.088,11.48378,11.48675,0.00,0.00
2015.03.17 16:17:36.845,11.48378,11.48688,0.00,0.00
2015.03.17 16:17:36.946,11.48378,11.48703,0.00,0.00
2015.03.17 16:17:37.246,11.48378,11.48688,0.00,0.00
2015.03.17 16:17:37.947,11.48378,11.48674,0.00,0.00
2015.03.17 16:17:38.336,11.48378,11.48629,0.00,0.00
2015.03.17 16:17:38.386,11.48341,11.48602,0.00,0.00
2015.03.17 16:17:38.437,11.48317,11.48602,0.00,0.00
2015.03.17 16:17:39.872,11.48277,11.48602,0.00,0.00
2015.03.17 16:17:40.053,11.48291,11.48602,0.00,0.00
2015.03.17 16:17:40.454,11.48278,11.48602,0.00,0.00
2015.03.17 16:17:41.502,11.48268,11.48602,0.00,0.00
2015.03.17 16:17:41.657,11.48293,11.48602,0.00,0.00
2015.03.17 16:17:41.883,11.48268,11.48602,0.00,0.00
2015.03.17 16:17:42.472,11.48276,11.48602,0.00,0.00
2015.03.17 16:17:43.084,11.48268,11.48599,0.00,0.00
2015.03.17 16:17:43.756,11.48262,11.48562,0.00,0.00
2015.03.17 16:17:43.806,11.48241,11.48562,0.00,0.00
2015.03.17 16:17:43.857,11.48241,11.48512,0.00,0.00
2015.03.17 16:17:43.907,11.48181,11.48512,0.00,0.00
2015.03.17 16:17:44.008,11.48178,11.48498,0.00,0.00
2015.03.17 16:17:45.715,11.48162,11.48472,0.00,0.00
2015.03.17 16:17:45.866,11.48238,11.4857,0.00,0.00
2015.03.17 16:17:45.916,11.48242,11.4857,0.00,0.00
2015.03.17 16:17:46.251,11.48202,11.48522,0.00,0.00
2015.03.17 16:17:46.302,11.48233,11.48572,0.00,0.00
2015.03.17 16:17:46.352,11.48238,11.48572,0.00,0.00
2015.03.17 16:17:46.805,11.48246,11.48572,0.00,0.00
2015.03.17 16:17:50.327,11.48241,11.48572,0.00,0.00
2015.03.17 16:17:50.377,11.48241,11.48522,0.00,0.00
2015.03.17 16:17:50.428,11.4821,11.4852,0.00,0.00
2015.03.17 16:17:50.478,11.48162,11.48472,0.00,0.00
2015.03.17 16:17:50.992,11.48161,11.48472,0.00,0.00
2015.03.17 16:17:51.466,11.48161,11.48432,0.00,0.00
2015.03.17 16:17:51.516,11.48151,11.48432,0.00,0.00
2015.03.17 16:17:51.721,11.48151,11.48419,0.00,0.00
2015.03.17 16:17:52.029,11.48165,11.48472,0.00,0.00
2015.03.17 16:17:52.487,11.48151,11.48472,0.00,0.00
2015.03.17 16:17:54.003,11.48157,11.48472,0.00,0.00
2015.03.17 16:17:54.385,11.48151,11.48472,0.00,0.00
2015.03.17 16:17:54.879,11.4816,11.48472,0.00,0.00
2015.03.17 16:17:55.480,11.48151,11.48472,0.00,0.00
2015.03.17 16:17:55.995,11.48159,11.48472,0.00,0.00
2015.03.17 16:17:56.332,11.48177,11.48472,0.00,0.00
2015.03.17 16:17:57.451,11.48251,11.48522,0.00,0.00
2015.03.17 16:17:58.175,11.48251,11.48552,0.00,0.00
2015.03.17 16:17:58.276,11.48265,11.48572,0.00,0.00
2015.03.17 16:17:58.327,11.48283,11.48572,0.00,0.00
2015.03.17 16:17:58.377,11.48288,11.48622,0.00,0.00
2015.03.17 16:17:58.478,11.48291,11.48622,0.00,0.00
2015.03.17 16:18:00.169,11.48291,11.48572,0.00,0.00
2015.03.17 16:18:00.220,11.4827,11.48572,0.00,0.00
2015.03.17 16:18:00.321,11.48252,11.48572,0.00,0.00
2015.03.17 16:18:01.210,11.48488,11.48723,0.00,0.00
2015.03.17 16:18:02.326,11.48438,11.48723,0.00,0.00
2015.03.17 16:18:02.432,11.48438,11.48659,0.00,0.00
2015.03.17 16:18:02.482,11.48379,11.48659,0.00,0.00
2015.03.17 16:18:02.633,11.48379,11.48633,0.00,0.00
2015.03.17 16:18:05.001,11.48439,11.48633,0.00,0.00
