2011.08.08 16:00:00.354,17.05608,17.06248,0.00,0.00
2011.08.08 16:00:01.046,17.05669,17.06309,0.00,0.00
2011.08.08 16:00:01.153,17.05751,17.06307,0.00,0.00
2011.08.08 16:00:01.263,17.05753,17.06316,0.00,0.00
2011.08.08 16:00:01.523,17.05775,17.06271,0.00,0.00
2011.08.08 16:00:01.634,17.05714,17.06354,0.00,0.00
2011.08.08 16:00:02.303,17.05762,17.06402,0.00,0.00
2011.08.08 16:00:03.060,17.05837,17.06435,0.00,0.00
2011.08.08 16:00:03.282,17.05858,17.06498,0.00,0.00
2011.08.08 16:00:03.602,17.05941,17.06487,0.00,0.00
2011.08.08 16:00:03.711,17.05921,17.06519,0.00,0.00
2011.08.08 16:00:04.265,17.05908,17.06548,0.00,0.00
2011.08.08 16:00:05.013,17.05981,17.06528,0.00,0.00
2011.08.08 16:00:05.122,17.05953,17.06593,0.00,0.00
2011.08.08 16:00:05.343,17.05974,17.06614,0.00,0.00
2011.08.08 16:00:05.783,17.06012,17.06652,0.00,0.00
2011.08.08 16:00:06.093,17.06035,17.06675,0.00,0.00
2011.08.08 16:00:06.642,17.06072,17.0662,0.00,0.00
2011.08.08 16:00:06.765,17.05962,17.06602,0.00,0.00
2011.08.08 16:00:06.984,17.05879,17.06519,0.00,0.00
2011.08.08 16:00:07.973,17.0581,17.0645,0.00,0.00
2011.08.08 16:00:08.382,17.05802,17.06398,0.00,0.00
2011.08.08 16:00:09.603,17.05768,17.06408,0.00,0.00
2011.08.08 16:00:10.272,17.05773,17.06369,0.00,0.00
2011.08.08 16:00:10.604,17.05786,17.06333,0.00,0.00
2011.08.08 16:00:13.452,17.05788,17.06335,0.00,0.00
2011.08.08 16:00:13.563,17.05765,17.06361,0.00,0.00
2011.08.08 16:00:14.073,17.05785,17.06331,0.00,0.00
2011.08.08 16:00:14.329,17.05788,17.06342,0.00,0.00
2011.08.08 16:00:14.552,17.05792,17.0639,0.00,0.00
2011.08.08 16:00:15.234,17.05843,17.06389,0.00,0.00
2011.08.08 16:00:15.342,17.05817,17.06457,0.00,0.00
2011.08.08 16:00:16.418,17.05925,17.06423,0.00,0.00
2011.08.08 16:00:16.645,17.0589,17.06486,0.00,0.00
2011.08.08 16:00:17.914,17.0588,17.06478,0.00,0.00
2011.08.08 16:00:18.242,17.0587,17.06488,0.00,0.00
2011.08.08 16:00:18.583,17.05861,17.06501,0.00,0.00
2011.08.08 16:00:19.772,17.05871,17.06469,0.00,0.00
2011.08.08 16:00:20.654,17.05842,17.06482,0.00,0.00
2011.08.08 16:00:20.873,17.05854,17.06472,0.00,0.00
2011.08.08 16:00:21.962,17.05862,17.0646,0.00,0.00
2011.08.08 16:00:22.562,17.05875,17.06429,0.00,0.00
2011.08.08 16:00:24.028,17.05859,17.06433,0.00,0.00
2011.08.08 16:00:24.466,17.05858,17.06412,0.00,0.00
2011.08.08 16:00:24.813,17.05866,17.06362,0.00,0.00
2011.08.08 16:00:25.093,17.05799,17.06395,0.00,0.00
2011.08.08 16:00:25.814,17.05817,17.06364,0.00,0.00
2011.08.08 16:00:25.922,17.05779,17.06375,0.00,0.00
2011.08.08 16:00:26.033,17.05759,17.06355,0.00,0.00
2011.08.08 16:00:26.402,17.0573,17.06328,0.00,0.00
2011.08.08 16:00:26.734,17.05746,17.06294,0.00,0.00
2011.08.08 16:00:29.183,17.05726,17.06324,0.00,0.00
2011.08.08 16:00:29.293,17.05745,17.06343,0.00,0.00
2011.08.08 16:00:29.663,17.05785,17.06383,0.00,0.00
2011.08.08 16:00:34.434,17.05826,17.06424,0.00,0.00
2011.08.08 16:00:35.513,17.05852,17.0645,0.00,0.00
2011.08.08 16:00:36.094,17.05839,17.06479,0.00,0.00
2011.08.08 16:00:36.493,17.05865,17.06461,0.00,0.00
2011.08.08 16:00:38.926,17.05884,17.0643,0.00,0.00
2011.08.08 16:00:39.523,17.05876,17.0643,0.00,0.00
2011.08.08 16:00:41.593,17.05873,17.06427,0.00,0.00
2011.08.08 16:00:43.498,17.05871,17.06425,0.00,0.00
2011.08.08 16:00:45.690,17.05866,17.06413,0.00,0.00
2011.08.08 16:00:45.803,17.05831,17.06427,0.00,0.00
2011.08.08 16:00:46.328,17.05826,17.06422,0.00,0.00
2011.08.08 16:00:46.562,17.05824,17.06422,0.00,0.00
2011.08.08 16:00:47.016,17.05821,17.06419,0.00,0.00
2011.08.08 16:00:48.065,17.05817,17.06413,0.00,0.00
2011.08.08 16:00:49.164,17.05828,17.06382,0.00,0.00
2011.08.08 16:00:50.883,17.05821,17.06367,0.00,0.00
2011.08.08 16:00:51.214,17.05796,17.06342,0.00,0.00
2011.08.08 16:00:51.483,17.05737,17.06333,0.00,0.00
2011.08.08 16:00:52.054,17.05746,17.06294,0.00,0.00
2011.08.08 16:00:52.163,17.05735,17.06331,0.00,0.00
2011.08.08 16:00:55.883,17.05784,17.06332,0.00,0.00
2011.08.08 16:00:58.532,17.0585,17.06304,0.00,0.00
2011.08.08 16:01:01.545,17.05894,17.0629,0.00,0.00
2011.08.08 16:01:01.653,17.05857,17.06361,0.00,0.00
2011.08.08 16:01:06.213,17.05862,17.0636,0.00,0.00
2011.08.08 16:01:06.542,17.05836,17.06383,0.00,0.00
2011.08.08 16:01:06.993,17.05858,17.06354,0.00,0.00
2011.08.08 16:01:09.504,17.05817,17.06363,0.00,0.00
2011.08.08 16:01:10.283,17.05771,17.06369,0.00,0.00
2011.08.08 16:01:10.392,17.05773,17.0632,0.00,0.00
2011.08.08 16:01:10.502,17.05723,17.06319,0.00,0.00
2011.08.08 16:01:13.040,17.05729,17.06276,0.00,0.00
2011.08.08 16:01:13.262,17.05702,17.06298,0.00,0.00
2011.08.08 16:01:13.595,17.05709,17.06307,0.00,0.00
2011.08.08 16:01:13.985,17.05695,17.06335,0.00,0.00
2011.08.08 16:01:14.932,17.05742,17.0634,0.00,0.00
2011.08.08 16:01:15.380,17.05828,17.06382,0.00,0.00
2011.08.08 16:01:15.715,17.0593,17.06436,0.00,0.00
2011.08.08 16:01:15.933,17.05972,17.06486,0.00,0.00
2011.08.08 16:01:16.047,17.0597,17.06568,0.00,0.00
2011.08.08 16:01:16.583,17.06002,17.06642,0.00,0.00
2011.08.08 16:01:16.913,17.06085,17.06691,0.00,0.00
2011.08.08 16:01:17.134,17.06132,17.06728,0.00,0.00
2011.08.08 16:01:17.655,17.06113,17.06753,0.00,0.00
2011.08.08 16:01:20.427,17.06157,17.06704,0.00,0.00
2011.08.08 16:01:21.073,17.06116,17.06756,0.00,0.00
2011.08.08 16:01:21.287,17.06147,17.06745,0.00,0.00
2011.08.08 16:01:22.282,17.06163,17.06759,0.00,0.00
2011.08.08 16:01:22.643,17.06157,17.06753,0.00,0.00
2011.08.08 16:01:23.553,17.06184,17.0673,0.00,0.00
2011.08.08 16:01:25.603,17.06213,17.0676,0.00,0.00
2011.08.08 16:01:26.052,17.06246,17.06793,0.00,0.00
2011.08.08 16:01:26.274,17.06353,17.06801,0.00,0.00
2011.08.08 16:01:26.809,17.06334,17.06974,0.00,0.00
2011.08.08 16:01:27.364,17.06408,17.07048,0.00,0.00
2011.08.08 16:01:27.693,17.0649,17.07088,0.00,0.00
2011.08.08 16:01:29.224,17.06532,17.0713,0.00,0.00
2011.08.08 16:01:29.951,17.06513,17.07153,0.00,0.00
2011.08.08 16:01:32.683,17.06523,17.07119,0.00,0.00
2011.08.08 16:01:32.792,17.06538,17.07086,0.00,0.00
2011.08.08 16:01:33.324,17.06512,17.07108,0.00,0.00
2011.08.08 16:01:34.192,17.06529,17.07076,0.00,0.00
2011.08.08 16:01:36.303,17.06519,17.07073,0.00,0.00
2011.08.08 16:01:36.414,17.06504,17.07052,0.00,0.00
2011.08.08 16:01:36.742,17.06481,17.07027,0.00,0.00
2011.08.08 16:01:37.124,17.06489,17.06985,0.00,0.00
2011.08.08 16:01:37.857,17.06446,17.06993,0.00,0.00
2011.08.08 16:01:37.965,17.06452,17.0695,0.00,0.00
2011.08.08 16:01:38.073,17.0643,17.06978,0.00,0.00
2011.08.08 16:01:38.184,17.06411,17.07007,0.00,0.00
2011.08.08 16:01:38.403,17.06445,17.06993,0.00,0.00
2011.08.08 16:01:38.732,17.06471,17.07018,0.00,0.00
2011.08.08 16:01:38.842,17.06467,17.07063,0.00,0.00
2011.08.08 16:01:39.063,17.06487,17.07083,0.00,0.00
2011.08.08 16:01:40.053,17.06506,17.07146,0.00,0.00
2011.08.08 16:01:41.583,17.06653,17.07101,0.00,0.00
2011.08.08 16:01:41.693,17.06663,17.07161,0.00,0.00
2011.08.08 16:01:41.802,17.06657,17.07204,0.00,0.00
2011.08.08 16:01:42.242,17.06694,17.07192,0.00,0.00
2011.08.08 16:01:42.683,17.06665,17.07261,0.00,0.00
2011.08.08 16:01:42.987,17.0667,17.07276,0.00,0.00
2011.08.08 16:01:43.093,17.06681,17.07279,0.00,0.00
2011.08.08 16:01:43.423,17.067,17.07296,0.00,0.00
2011.08.08 16:01:43.785,17.06749,17.07295,0.00,0.00
2011.08.08 16:01:44.460,17.06736,17.07283,0.00,0.00
2011.08.08 16:01:47.674,17.0677,17.07217,0.00,0.00
2011.08.08 16:01:48.072,17.06834,17.07238,0.00,0.00
2011.08.08 16:01:48.582,17.06876,17.07372,0.00,0.00
2011.08.08 16:01:48.913,17.06936,17.07442,0.00,0.00
2011.08.08 16:01:49.065,17.06956,17.07454,0.00,0.00
2011.08.08 16:01:49.173,17.0693,17.07434,0.00,0.00
2011.08.08 16:01:49.505,17.06968,17.07376,0.00,0.00
2011.08.08 16:01:49.832,17.06875,17.07481,0.00,0.00
2011.08.08 16:01:49.942,17.0696,17.07357,0.00,0.00
2011.08.08 16:01:50.052,17.06849,17.07489,0.00,0.00
2011.08.08 16:01:50.162,17.06877,17.07425,0.00,0.00
2011.08.08 16:01:50.383,17.06776,17.07416,0.00,0.00
2011.08.08 16:01:51.766,17.06748,17.07346,0.00,0.00
2011.08.08 16:01:52.092,17.06727,17.07367,0.00,0.00
2011.08.08 16:01:52.559,17.0674,17.0738,0.00,0.00
2011.08.08 16:01:55.776,17.06934,17.07234,0.00,0.00
2011.08.08 16:01:55.995,17.06942,17.07298,0.00,0.00
2011.08.08 16:01:56.105,17.07048,17.07361,0.00,0.00
2011.08.08 16:01:56.214,17.0718,17.07486,0.00,0.00
2011.08.08 16:01:56.544,17.07111,17.07751,0.00,0.00
2011.08.08 16:01:56.874,17.07181,17.07777,0.00,0.00
2011.08.08 16:01:57.714,17.07174,17.07814,0.00,0.00
2011.08.08 16:02:00.162,17.07169,17.07767,0.00,0.00
2011.08.08 16:02:01.243,17.07197,17.07695,0.00,0.00
2011.08.08 16:02:01.462,17.07166,17.07713,0.00,0.00
2011.08.08 16:02:01.572,17.07141,17.07739,0.00,0.00
2011.08.08 16:02:02.452,17.07129,17.07769,0.00,0.00
2011.08.08 16:02:03.034,17.07148,17.07744,0.00,0.00
2011.08.08 16:02:03.402,17.07177,17.07673,0.00,0.00
2011.08.08 16:02:03.517,17.07145,17.07692,0.00,0.00
2011.08.08 16:02:03.623,17.07186,17.07684,0.00,0.00
2011.08.08 16:02:03.843,17.07143,17.07747,0.00,0.00
2011.08.08 16:02:04.802,17.07088,17.07742,0.00,0.00
2011.08.08 16:02:05.632,17.07037,17.077,0.00,0.00
2011.08.08 16:02:06.943,17.07085,17.07633,0.00,0.00
2011.08.08 16:02:10.624,17.07113,17.07659,0.00,0.00
2011.08.08 16:02:10.956,17.07127,17.07683,0.00,0.00
2011.08.08 16:02:11.819,17.0711,17.07706,0.00,0.00
2011.08.08 16:02:14.064,17.07214,17.0757,0.00,0.00
2011.08.08 16:02:14.505,17.07214,17.0752,0.00,0.00
2011.08.08 16:02:14.614,17.07039,17.07637,0.00,0.00
2011.08.08 16:02:15.813,17.0706,17.07558,0.00,0.00
2011.08.08 16:02:15.923,17.0698,17.07578,0.00,0.00
2011.08.08 16:02:16.035,17.06976,17.07524,0.00,0.00
2011.08.08 16:02:16.420,17.06971,17.07469,0.00,0.00
2011.08.08 16:02:16.753,17.06916,17.07463,0.00,0.00
2011.08.08 16:02:16.863,17.06987,17.07333,0.00,0.00
2011.08.08 16:02:17.084,17.06857,17.07404,0.00,0.00
2011.08.08 16:02:17.994,17.06801,17.07397,0.00,0.00
2011.08.08 16:02:18.104,17.0675,17.07388,0.00,0.00
2011.08.08 16:02:18.216,17.06737,17.07343,0.00,0.00
2011.08.08 16:02:18.768,17.0669,17.0733,0.00,0.00
2011.08.08 16:02:18.876,17.0666,17.073,0.00,0.00
2011.08.08 16:02:19.284,17.0663,17.0727,0.00,0.00
2011.08.08 16:02:19.613,17.066,17.0724,0.00,0.00
2011.08.08 16:02:20.444,17.0657,17.0721,0.00,0.00
2011.08.08 16:02:20.773,17.0654,17.0718,0.00,0.00
2011.08.08 16:02:21.533,17.0651,17.0715,0.00,0.00
2011.08.08 16:02:25.174,17.06502,17.07098,0.00,0.00
2011.08.08 16:02:25.503,17.06471,17.07069,0.00,0.00
2011.08.08 16:02:25.833,17.06442,17.07038,0.00,0.00
2011.08.08 16:02:26.054,17.06391,17.07031,0.00,0.00
2011.08.08 16:02:26.730,17.06361,17.07001,0.00,0.00
2011.08.08 16:02:27.554,17.06353,17.06951,0.00,0.00
2011.08.08 16:02:28.974,17.06324,17.0692,0.00,0.00
2011.08.08 16:02:29.436,17.06318,17.06865,0.00,0.00
2011.08.08 16:02:30.933,17.06385,17.06739,0.00,0.00
2011.08.08 16:02:31.043,17.06274,17.0677,0.00,0.00
2011.08.08 16:02:31.483,17.06169,17.06715,0.00,0.00
2011.08.08 16:02:31.703,17.06022,17.06662,0.00,0.00
2011.08.08 16:02:32.694,17.06004,17.06551,0.00,0.00
2011.08.08 16:02:34.037,17.05969,17.06467,0.00,0.00
2011.08.08 16:02:34.255,17.05879,17.06477,0.00,0.00
2011.08.08 16:02:34.365,17.05846,17.06486,0.00,0.00
2011.08.08 16:02:34.875,17.05781,17.06421,0.00,0.00
2011.08.08 16:02:35.214,17.05693,17.06333,0.00,0.00
2011.08.08 16:02:35.543,17.05631,17.06229,0.00,0.00
2011.08.08 16:02:35.655,17.05606,17.06202,0.00,0.00
2011.08.08 16:02:36.323,17.05595,17.06235,0.00,0.00
2011.08.08 16:02:40.093,17.05604,17.06244,0.00,0.00
2011.08.08 16:02:41.081,17.05613,17.06209,0.00,0.00
2011.08.08 16:02:41.435,17.05597,17.06195,0.00,0.00
2011.08.08 16:02:41.762,17.05566,17.06206,0.00,0.00
2011.08.08 16:02:41.984,17.05575,17.06173,0.00,0.00
2011.08.08 16:02:42.095,17.05552,17.06192,0.00,0.00
2011.08.08 16:02:42.973,17.05544,17.06184,0.00,0.00
2011.08.08 16:02:44.393,17.05493,17.06133,0.00,0.00
2011.08.08 16:02:44.723,17.05499,17.05997,0.00,0.00
2011.08.08 16:02:45.053,17.0543,17.06028,0.00,0.00
2011.08.08 16:02:45.463,17.05479,17.06026,0.00,0.00
2011.08.08 16:02:45.573,17.05446,17.06086,0.00,0.00
2011.08.08 16:02:46.853,17.05444,17.06084,0.00,0.00
2011.08.08 16:02:48.545,17.05468,17.06086,0.00,0.00
2011.08.08 16:02:48.959,17.05531,17.06078,0.00,0.00
2011.08.08 16:02:49.673,17.05589,17.06093,0.00,0.00
2011.08.08 16:02:49.893,17.05595,17.06141,0.00,0.00
2011.08.08 16:02:50.173,17.0557,17.06166,0.00,0.00
2011.08.08 16:02:50.283,17.0559,17.06137,0.00,0.00
2011.08.08 16:02:50.392,17.05572,17.0617,0.00,0.00
2011.08.08 16:02:50.723,17.05583,17.06179,0.00,0.00
2011.08.08 16:02:51.114,17.05565,17.06205,0.00,0.00
2011.08.08 16:02:51.224,17.05585,17.06183,0.00,0.00
2011.08.08 16:02:51.506,17.0556,17.062,0.00,0.00
2011.08.08 16:02:52.023,17.05557,17.06197,0.00,0.00
2011.08.08 16:02:52.359,17.05564,17.06204,0.00,0.00
2011.08.08 16:02:53.965,17.05593,17.06189,0.00,0.00
2011.08.08 16:02:54.954,17.05588,17.06228,0.00,0.00
2011.08.08 16:02:56.514,17.05642,17.06238,0.00,0.00
2011.08.08 16:02:58.013,17.05697,17.06293,0.00,0.00
2011.08.08 16:02:58.349,17.05759,17.06357,0.00,0.00
2011.08.08 16:03:00.196,17.05838,17.06362,0.00,0.00
2011.08.08 16:03:00.513,17.05879,17.06383,0.00,0.00
2011.08.08 16:03:01.434,17.05858,17.06456,0.00,0.00
2011.08.08 16:03:01.544,17.05871,17.06469,0.00,0.00
2011.08.08 16:03:01.675,17.05887,17.06483,0.00,0.00
2011.08.08 16:03:02.754,17.05882,17.06522,0.00,0.00
2011.08.08 16:03:02.863,17.05912,17.0651,0.00,0.00
2011.08.08 16:03:03.713,17.05893,17.06533,0.00,0.00
2011.08.08 16:03:04.424,17.05915,17.06511,0.00,0.00
2011.08.08 16:03:05.134,17.05882,17.06522,0.00,0.00
2011.08.08 16:03:07.993,17.05863,17.06503,0.00,0.00
2011.08.08 16:03:08.339,17.05886,17.06433,0.00,0.00
2011.08.08 16:03:08.901,17.05865,17.06413,0.00,0.00
2011.08.08 16:03:09.453,17.05811,17.06451,0.00,0.00
2011.08.08 16:03:09.893,17.05822,17.06462,0.00,0.00
2011.08.08 16:03:10.476,17.05833,17.06473,0.00,0.00
2011.08.08 16:03:10.964,17.05859,17.06457,0.00,0.00
2011.08.08 16:03:11.363,17.05887,17.06434,0.00,0.00
2011.08.08 16:03:11.473,17.05871,17.06467,0.00,0.00
2011.08.08 16:03:11.583,17.05874,17.06472,0.00,0.00
2011.08.08 16:03:11.803,17.05876,17.06474,0.00,0.00
2011.08.08 16:03:12.024,17.05886,17.06482,0.00,0.00
2011.08.08 16:03:13.483,17.05927,17.06474,0.00,0.00
2011.08.08 16:03:13.803,17.05959,17.06463,0.00,0.00
2011.08.08 16:03:14.023,17.05943,17.06491,0.00,0.00
2011.08.08 16:03:14.427,17.05988,17.06484,0.00,0.00
2011.08.08 16:03:14.754,17.06095,17.06441,0.00,0.00
2011.08.08 16:03:14.864,17.06119,17.06532,0.00,0.00
2011.08.08 16:03:15.084,17.06132,17.06644,0.00,0.00
2011.08.08 16:03:15.193,17.06167,17.06673,0.00,0.00
2011.08.08 16:03:15.548,17.06186,17.06698,0.00,0.00
2011.08.08 16:03:15.654,17.06168,17.06764,0.00,0.00
2011.08.08 16:03:15.983,17.06163,17.06803,0.00,0.00
2011.08.08 16:03:16.313,17.06207,17.06803,0.00,0.00
2011.08.08 16:03:16.996,17.06267,17.06814,0.00,0.00
2011.08.08 16:03:17.454,17.06266,17.06862,0.00,0.00
2011.08.08 16:03:18.993,17.06282,17.0688,0.00,0.00
2011.08.08 16:03:22.033,17.06294,17.06934,0.00,0.00
2011.08.08 16:03:22.919,17.06389,17.06936,0.00,0.00
2011.08.08 16:03:23.034,17.06459,17.06963,0.00,0.00
2011.08.08 16:03:23.555,17.06461,17.07023,0.00,0.00
2011.08.08 16:03:23.773,17.06453,17.07051,0.00,0.00
2011.08.08 16:03:23.994,17.06424,17.07064,0.00,0.00
2011.08.08 16:03:26.513,17.06445,17.07043,0.00,0.00
2011.08.08 16:03:26.996,17.06496,17.07043,0.00,0.00
2011.08.08 16:03:29.704,17.06506,17.07104,0.00,0.00
2011.08.08 16:03:29.816,17.06511,17.07117,0.00,0.00
2011.08.08 16:03:29.923,17.06497,17.07137,0.00,0.00
2011.08.08 16:03:30.033,17.06518,17.07124,0.00,0.00
2011.08.08 16:03:30.363,17.06519,17.07115,0.00,0.00
2011.08.08 16:03:30.804,17.06501,17.07141,0.00,0.00
2011.08.08 16:03:31.023,17.06513,17.07153,0.00,0.00
2011.08.08 16:03:31.564,17.06525,17.07131,0.00,0.00
2011.08.08 16:03:32.331,17.065,17.07106,0.00,0.00
2011.08.08 16:03:32.435,17.06495,17.07043,0.00,0.00
2011.08.08 16:03:32.652,17.06478,17.07024,0.00,0.00
2011.08.08 16:03:33.513,17.06461,17.07008,0.00,0.00
2011.08.08 16:03:33.853,17.06455,17.07002,0.00,0.00
2011.08.08 16:03:34.524,17.06422,17.07062,0.00,0.00
2011.08.08 16:03:34.943,17.06435,17.07075,0.00,0.00
2011.08.08 16:03:36.469,17.0647,17.07066,0.00,0.00
2011.08.08 16:03:36.585,17.06483,17.07079,0.00,0.00
2011.08.08 16:03:37.193,17.06512,17.07066,0.00,0.00
2011.08.08 16:03:37.523,17.06511,17.07058,0.00,0.00
2011.08.08 16:03:38.794,17.06469,17.07065,0.00,0.00
2011.08.08 16:03:38.904,17.0647,17.07017,0.00,0.00
2011.08.08 16:03:39.233,17.06464,17.06962,0.00,0.00
2011.08.08 16:03:39.565,17.06467,17.06871,0.00,0.00
2011.08.08 16:03:39.969,17.06361,17.06865,0.00,0.00
2011.08.08 16:03:40.075,17.06279,17.06826,0.00,0.00
2011.08.08 16:03:40.944,17.06226,17.06774,0.00,0.00
2011.08.08 16:03:44.368,17.06227,17.06675,0.00,0.00
2011.08.08 16:03:44.475,17.06146,17.06642,0.00,0.00
2011.08.08 16:03:44.584,17.06072,17.06619,0.00,0.00
2011.08.08 16:03:44.694,17.06034,17.06632,0.00,0.00
2011.08.08 16:03:45.605,17.06001,17.06641,0.00,0.00
2011.08.08 16:03:45.995,17.06054,17.06552,0.00,0.00
2011.08.08 16:03:46.933,17.06076,17.0653,0.00,0.00
2011.08.08 16:03:47.593,17.06086,17.06534,0.00,0.00
2011.08.08 16:03:49.234,17.06118,17.06522,0.00,0.00
2011.08.08 16:03:50.024,17.06127,17.06523,0.00,0.00
2011.08.08 16:03:50.243,17.06124,17.06528,0.00,0.00
2011.08.08 16:03:50.353,17.06129,17.06525,0.00,0.00
2011.08.08 16:03:50.463,17.06127,17.06531,0.00,0.00
2011.08.08 16:03:50.903,17.06135,17.06531,0.00,0.00
2011.08.08 16:03:51.273,17.0616,17.06514,0.00,0.00
2011.08.08 16:03:51.493,17.06134,17.06531,0.00,0.00
2011.08.08 16:03:51.603,17.06134,17.06538,0.00,0.00
2011.08.08 16:03:52.724,17.0617,17.06524,0.00,0.00
2011.08.08 16:03:53.335,17.06189,17.06537,0.00,0.00
2011.08.08 16:03:54.323,17.0611,17.06664,0.00,0.00
2011.08.08 16:03:54.434,17.06133,17.06697,0.00,0.00
2011.08.08 16:03:54.543,17.06161,17.06725,0.00,0.00
2011.08.08 16:03:55.953,17.06174,17.06772,0.00,0.00
2011.08.08 16:03:56.613,17.06205,17.06801,0.00,0.00
2011.08.08 16:03:56.943,17.06213,17.06853,0.00,0.00
2011.08.08 16:03:57.573,17.06265,17.06863,0.00,0.00
2011.08.08 16:03:58.013,17.06305,17.06901,0.00,0.00
2011.08.08 16:04:02.593,17.06379,17.06977,0.00,0.00
2011.08.08 16:04:02.813,17.06456,17.07054,0.00,0.00
2011.08.08 16:04:03.143,17.06505,17.07053,0.00,0.00
2011.08.08 16:04:03.865,17.06496,17.07043,0.00,0.00
2011.08.08 16:04:04.554,17.06512,17.07016,0.00,0.00
2011.08.08 16:04:06.507,17.06592,17.07017,0.00,0.00
2011.08.08 16:04:06.723,17.0664,17.07086,0.00,0.00
2011.08.08 16:04:06.834,17.06669,17.07133,0.00,0.00
2011.08.08 16:04:06.943,17.06644,17.07191,0.00,0.00
2011.08.08 16:04:07.055,17.06605,17.07245,0.00,0.00
2011.08.08 16:04:07.513,17.06621,17.07261,0.00,0.00
2011.08.08 16:04:08.262,17.06646,17.07264,0.00,0.00
2011.08.08 16:04:08.815,17.067,17.07268,0.00,0.00
2011.08.08 16:04:09.903,17.06718,17.07316,0.00,0.00
2011.08.08 16:04:10.763,17.06702,17.07342,0.00,0.00
2011.08.08 16:04:10.983,17.06696,17.07336,0.00,0.00
2011.08.08 16:04:11.315,17.06653,17.07293,0.00,0.00
2011.08.08 16:04:11.831,17.06698,17.07144,0.00,0.00
2011.08.08 16:04:11.931,17.06599,17.07197,0.00,0.00
2011.08.08 16:04:13.524,17.06573,17.07213,0.00,0.00
2011.08.08 16:04:14.073,17.0661,17.07208,0.00,0.00
2011.08.08 16:04:14.663,17.06633,17.07273,0.00,0.00
2011.08.08 16:04:15.264,17.06688,17.07328,0.00,0.00
2011.08.08 16:04:17.434,17.06762,17.07358,0.00,0.00
2011.08.08 16:04:20.044,17.06786,17.07426,0.00,0.00
2011.08.08 16:04:20.154,17.06828,17.07468,0.00,0.00
2011.08.08 16:04:21.283,17.06904,17.07452,0.00,0.00
2011.08.08 16:04:21.722,17.06902,17.07498,0.00,0.00
2011.08.08 16:04:22.536,17.07,17.07498,0.00,0.00
2011.08.08 16:04:22.973,17.06999,17.07639,0.00,0.00
2011.08.08 16:04:23.084,17.07072,17.07678,0.00,0.00
2011.08.08 16:04:23.583,17.07055,17.07695,0.00,0.00
2011.08.08 16:04:24.223,17.07034,17.07674,0.00,0.00
2011.08.08 16:04:26.805,17.07044,17.07642,0.00,0.00
2011.08.08 16:04:27.133,17.07077,17.07623,0.00,0.00
2011.08.08 16:04:28.303,17.07055,17.07653,0.00,0.00
2011.08.08 16:04:28.664,17.07065,17.07611,0.00,0.00
2011.08.08 16:04:28.774,17.07017,17.07615,0.00,0.00
2011.08.08 16:04:28.883,17.07054,17.07552,0.00,0.00
2011.08.08 16:04:28.993,17.07001,17.07597,0.00,0.00
2011.08.08 16:04:29.423,17.07,17.07547,0.00,0.00
2011.08.08 16:04:29.752,17.06934,17.0753,0.00,0.00
2011.08.08 16:04:30.343,17.06913,17.0746,0.00,0.00
2011.08.08 16:04:30.725,17.06804,17.07444,0.00,0.00
2011.08.08 16:04:30.833,17.06776,17.07374,0.00,0.00
2011.08.08 16:04:31.270,17.06753,17.07393,0.00,0.00
2011.08.08 16:04:31.374,17.06771,17.07411,0.00,0.00
2011.08.08 16:04:31.484,17.0679,17.0743,0.00,0.00
2011.08.08 16:04:32.573,17.06846,17.07394,0.00,0.00
2011.08.08 16:04:32.683,17.06851,17.07347,0.00,0.00
2011.08.08 16:04:33.014,17.068,17.07348,0.00,0.00
2011.08.08 16:04:33.235,17.06769,17.07367,0.00,0.00
2011.08.08 16:04:33.453,17.06804,17.07351,0.00,0.00
2011.08.08 16:04:33.674,17.0685,17.07346,0.00,0.00
2011.08.08 16:04:34.170,17.06889,17.07337,0.00,0.00
2011.08.08 16:04:34.504,17.06852,17.074,0.00,0.00
2011.08.08 16:04:34.723,17.06881,17.07377,0.00,0.00
2011.08.08 16:04:34.944,17.06849,17.07396,0.00,0.00
2011.08.08 16:04:35.442,17.06874,17.07328,0.00,0.00
2011.08.08 16:04:37.893,17.06837,17.07333,0.00,0.00
2011.08.08 16:04:39.573,17.06827,17.07331,0.00,0.00
2011.08.08 16:04:40.995,17.06827,17.07331,0.00,0.00
2011.08.08 16:04:43.243,17.0684,17.07336,0.00,0.00
2011.08.08 16:04:43.573,17.0688,17.07326,0.00,0.00
2011.08.08 16:04:43.994,17.0691,17.07308,0.00,0.00
2011.08.08 16:04:44.956,17.06958,17.07258,0.00,0.00
2011.08.08 16:04:45.864,17.06804,17.07444,0.00,0.00
2011.08.08 16:04:45.973,17.06886,17.07384,0.00,0.00
2011.08.08 16:04:46.083,17.06919,17.07323,0.00,0.00
2011.08.08 16:04:46.524,17.0686,17.07314,0.00,0.00
2011.08.08 16:04:47.868,17.06812,17.07208,0.00,0.00
2011.08.08 16:04:48.093,17.06663,17.07159,0.00,0.00
2011.08.08 16:04:48.203,17.06554,17.07152,0.00,0.00
2011.08.08 16:04:48.484,17.0652,17.07116,0.00,0.00
2011.08.08 16:04:50.953,17.06497,17.07044,0.00,0.00
2011.08.08 16:04:51.724,17.06456,17.07003,0.00,0.00
2011.08.08 16:04:52.933,17.06454,17.07002,0.00,0.00
2011.08.08 16:04:53.703,17.06432,17.07072,0.00,0.00
2011.08.08 16:04:53.923,17.06478,17.07084,0.00,0.00
2011.08.08 16:04:54.253,17.0654,17.07096,0.00,0.00
2011.08.08 16:04:54.583,17.06552,17.07192,0.00,0.00
2011.08.08 16:04:54.865,17.06705,17.07153,0.00,0.00
2011.08.08 16:04:54.973,17.06705,17.07211,0.00,0.00
2011.08.08 16:04:55.580,17.06697,17.07253,0.00,0.00
2011.08.08 16:04:55.708,17.06688,17.07328,0.00,0.00
2011.08.08 16:04:57.874,17.06771,17.07369,0.00,0.00
2011.08.08 16:04:59.136,17.06839,17.07445,0.00,0.00
2011.08.08 16:04:59.421,17.06892,17.07498,0.00,0.00
2011.08.08 16:04:59.533,17.07015,17.07471,0.00,0.00
2011.08.08 16:04:59.643,17.07024,17.0752,0.00,0.00
2011.08.08 16:04:59.753,17.06948,17.07554,0.00,0.00
2011.08.08 16:04:59.863,17.0687,17.0751,0.00,0.00
2011.08.08 16:04:59.974,17.06834,17.07474,0.00,0.00
2011.08.08 16:05:00.084,17.06836,17.07476,0.00,0.00
2011.08.08 16:05:00.523,17.06872,17.07512,0.00,0.00
2011.08.08 16:05:02.773,17.06884,17.07524,0.00,0.00
2011.08.08 16:05:02.882,17.06898,17.07496,0.00,0.00
2011.08.08 16:05:03.213,17.06879,17.07519,0.00,0.00
2011.08.08 16:05:05.083,17.06873,17.07471,0.00,0.00
2011.08.08 16:05:05.953,17.06851,17.07347,0.00,0.00
2011.08.08 16:05:06.175,17.06786,17.07234,0.00,0.00
2011.08.08 16:05:06.636,17.06782,17.07086,0.00,0.00
2011.08.08 16:05:06.766,17.06661,17.07115,0.00,0.00
2011.08.08 16:05:10.144,17.06617,17.07113,0.00,0.00
2011.08.08 16:05:10.253,17.06571,17.07117,0.00,0.00
2011.08.08 16:05:10.660,17.06524,17.07122,0.00,0.00
2011.08.08 16:05:11.305,17.0653,17.07077,0.00,0.00
2011.08.08 16:05:12.951,17.06507,17.07055,0.00,0.00
2011.08.08 16:05:14.294,17.06477,17.07023,0.00,0.00
2011.08.08 16:05:14.903,17.06426,17.07024,0.00,0.00
2011.08.08 16:05:15.123,17.06438,17.06985,0.00,0.00
2011.08.08 16:05:16.694,17.06431,17.06978,0.00,0.00
2011.08.08 16:05:16.805,17.06434,17.06988,0.00,0.00
2011.08.08 16:05:16.914,17.0643,17.07026,0.00,0.00
2011.08.08 16:05:18.134,17.06484,17.07031,0.00,0.00
2011.08.08 16:05:18.243,17.06474,17.07114,0.00,0.00
2011.08.08 16:05:18.763,17.06525,17.07121,0.00,0.00
2011.08.08 16:05:18.873,17.06532,17.07172,0.00,0.00
2011.08.08 16:05:19.104,17.06586,17.07184,0.00,0.00
2011.08.08 16:05:19.443,17.06672,17.07168,0.00,0.00
2011.08.08 16:05:19.554,17.06668,17.07274,0.00,0.00
2011.08.08 16:05:20.815,17.06723,17.07363,0.00,0.00
2011.08.08 16:05:22.293,17.06804,17.074,0.00,0.00
2011.08.08 16:05:23.074,17.06857,17.07453,0.00,0.00
2011.08.08 16:05:23.293,17.06884,17.07524,0.00,0.00
2011.08.08 16:05:23.514,17.06968,17.07514,0.00,0.00
2011.08.08 16:05:24.017,17.0698,17.0762,0.00,0.00
2011.08.08 16:05:24.233,17.07036,17.07634,0.00,0.00
2011.08.08 16:05:24.345,17.07009,17.07649,0.00,0.00
2011.08.08 16:05:25.004,17.06987,17.07627,0.00,0.00
2011.08.08 16:05:27.103,17.07,17.07596,0.00,0.00
2011.08.08 16:05:27.987,17.07026,17.0758,0.00,0.00
2011.08.08 16:05:28.092,17.0701,17.07608,0.00,0.00
2011.08.08 16:05:28.493,17.07038,17.07592,0.00,0.00
2011.08.08 16:05:28.977,17.07082,17.07586,0.00,0.00
2011.08.08 16:05:29.513,17.07043,17.07639,0.00,0.00
2011.08.08 16:05:30.803,17.07021,17.07617,0.00,0.00
2011.08.08 16:05:31.825,17.07013,17.0756,0.00,0.00
2011.08.08 16:05:32.193,17.06971,17.07518,0.00,0.00
2011.08.08 16:05:35.142,17.06985,17.07433,0.00,0.00
2011.08.08 16:05:35.253,17.06944,17.0744,0.00,0.00
2011.08.08 16:05:35.362,17.06911,17.07457,0.00,0.00
2011.08.08 16:05:37.016,17.06873,17.07471,0.00,0.00
2011.08.08 16:05:37.856,17.06894,17.07442,0.00,0.00
2011.08.08 16:05:38.343,17.0688,17.07478,0.00,0.00
2011.08.08 16:05:39.927,17.06908,17.07462,0.00,0.00
2011.08.08 16:05:40.414,17.06937,17.07435,0.00,0.00
2011.08.08 16:05:40.953,17.06916,17.0747,0.00,0.00
2011.08.08 16:05:42.850,17.06924,17.07471,0.00,0.00
2011.08.08 16:05:43.143,17.06933,17.07487,0.00,0.00
2011.08.08 16:05:44.924,17.06929,17.07527,0.00,0.00
2011.08.08 16:05:45.950,17.06963,17.07517,0.00,0.00
2011.08.08 16:05:46.784,17.06973,17.0752,0.00,0.00
2011.08.08 16:05:51.973,17.06978,17.07532,0.00,0.00
2011.08.08 16:05:54.063,17.07006,17.0751,0.00,0.00
2011.08.08 16:05:55.245,17.06976,17.07524,0.00,0.00
2011.08.08 16:05:56.951,17.06965,17.07513,0.00,0.00
2011.08.08 16:05:57.173,17.06931,17.07527,0.00,0.00
2011.08.08 16:05:57.394,17.0693,17.07526,0.00,0.00
2011.08.08 16:05:59.033,17.06937,17.07535,0.00,0.00
2011.08.08 16:05:59.697,17.06974,17.07521,0.00,0.00
2011.08.08 16:06:02.891,17.06987,17.07534,0.00,0.00
2011.08.08 16:06:08.994,17.07027,17.07531,0.00,0.00
2011.08.08 16:06:12.185,17.07073,17.07527,0.00,0.00
2011.08.08 16:06:16.006,17.07114,17.07518,0.00,0.00
2011.08.08 16:06:39.490,17.07127,17.07523,0.00,0.00
2011.08.08 16:06:40.330,17.07142,17.07546,0.00,0.00
2011.08.08 16:06:41.745,17.07226,17.0758,0.00,0.00
2011.08.08 16:06:42.261,17.07171,17.07769,0.00,0.00
2011.08.08 16:06:44.014,17.07217,17.07764,0.00,0.00
2011.08.08 16:06:44.124,17.07225,17.07779,0.00,0.00
2011.08.08 16:06:44.624,17.07258,17.07805,0.00,0.00
2011.08.08 16:06:44.953,17.0738,17.07826,0.00,0.00
2011.08.08 16:06:45.283,17.074,17.07947,0.00,0.00
2011.08.08 16:06:45.717,17.07371,17.08011,0.00,0.00
2011.08.08 16:06:46.923,17.0737,17.0801,0.00,0.00
2011.08.08 16:06:47.254,17.07392,17.07988,0.00,0.00
2011.08.08 16:06:48.743,17.07384,17.08024,0.00,0.00
2011.08.08 16:06:49.996,17.07426,17.08022,0.00,0.00
2011.08.08 16:06:51.425,17.07473,17.0802,0.00,0.00
2011.08.08 16:06:54.125,17.07523,17.08021,0.00,0.00
2011.08.08 16:06:56.986,17.07571,17.08019,0.00,0.00
2011.08.08 16:06:57.523,17.07565,17.08061,0.00,0.00
2011.08.08 16:06:57.889,17.07579,17.08075,0.00,0.00
2011.08.08 16:06:58.307,17.07561,17.08109,0.00,0.00
2011.08.08 16:06:58.523,17.07586,17.08084,0.00,0.00
2011.08.08 16:06:58.632,17.07599,17.08103,0.00,0.00
2011.08.08 16:06:59.980,17.07593,17.0814,0.00,0.00
2011.08.08 16:07:00.420,17.07556,17.08154,0.00,0.00
2011.08.08 16:07:00.872,17.07589,17.08085,0.00,0.00
2011.08.08 16:07:01.254,17.07577,17.08075,0.00,0.00
2011.08.08 16:07:01.960,17.07575,17.08072,0.00,0.00
2011.08.08 16:07:03.524,17.07575,17.08072,0.00,0.00
2011.08.08 16:07:04.033,17.07581,17.08077,0.00,0.00
2011.08.08 16:07:04.143,17.07559,17.08106,0.00,0.00
2011.08.08 16:07:04.490,17.07576,17.0808,0.00,0.00
2011.08.08 16:07:05.517,17.07577,17.08073,0.00,0.00
2011.08.08 16:07:07.155,17.07584,17.08088,0.00,0.00
2011.08.08 16:07:08.012,17.07588,17.08134,0.00,0.00
2011.08.08 16:07:08.923,17.07574,17.08214,0.00,0.00
2011.08.08 16:07:09.253,17.07627,17.08223,0.00,0.00
2011.08.08 16:07:09.439,17.07674,17.08228,0.00,0.00
2011.08.08 16:07:11.474,17.07726,17.08222,0.00,0.00
2011.08.08 16:07:11.583,17.07709,17.08256,0.00,0.00
2011.08.08 16:07:11.693,17.07695,17.08293,0.00,0.00
2011.08.08 16:07:11.837,17.07756,17.08303,0.00,0.00
2011.08.08 16:07:12.164,17.07752,17.08392,0.00,0.00
2011.08.08 16:07:13.464,17.07826,17.08374,0.00,0.00
2011.08.08 16:07:13.573,17.07862,17.08409,0.00,0.00
2011.08.08 16:07:14.384,17.07906,17.08454,0.00,0.00
2011.08.08 16:07:15.576,17.0788,17.08478,0.00,0.00
2011.08.08 16:07:16.793,17.07808,17.08448,0.00,0.00
2011.08.08 16:07:17.123,17.07745,17.08385,0.00,0.00
2011.08.08 16:07:17.342,17.07706,17.08346,0.00,0.00
2011.08.08 16:07:17.897,17.07697,17.08337,0.00,0.00
2011.08.08 16:07:18.870,17.07731,17.08329,0.00,0.00
2011.08.08 16:07:20.614,17.07734,17.08374,0.00,0.00
2011.08.08 16:07:20.942,17.07786,17.08382,0.00,0.00
2011.08.08 16:07:21.053,17.07808,17.08406,0.00,0.00
2011.08.08 16:07:21.753,17.07814,17.08412,0.00,0.00
2011.08.08 16:07:22.083,17.07792,17.08432,0.00,0.00
2011.08.08 16:07:22.524,17.07816,17.08414,0.00,0.00
2011.08.08 16:07:24.455,17.07842,17.08389,0.00,0.00
2011.08.08 16:07:24.832,17.07826,17.08424,0.00,0.00
2011.08.08 16:07:25.634,17.07844,17.0839,0.00,0.00
2011.08.08 16:07:25.982,17.07847,17.08345,0.00,0.00
2011.08.08 16:07:26.093,17.07809,17.08355,0.00,0.00
2011.08.08 16:07:26.204,17.0775,17.0839,0.00,0.00
2011.08.08 16:07:26.613,17.07765,17.08361,0.00,0.00
2011.08.08 16:07:27.373,17.07727,17.08367,0.00,0.00
2011.08.08 16:07:28.673,17.07734,17.08332,0.00,0.00
2011.08.08 16:07:30.513,17.0773,17.08326,0.00,0.00
2011.08.08 16:07:30.884,17.0773,17.08328,0.00,0.00
2011.08.08 16:07:33.068,17.07745,17.08341,0.00,0.00
2011.08.08 16:07:34.824,17.07753,17.08349,0.00,0.00
2011.08.08 16:07:35.043,17.07721,17.08361,0.00,0.00
2011.08.08 16:07:35.483,17.0776,17.08307,0.00,0.00
2011.08.08 16:07:36.064,17.07712,17.0831,0.00,0.00
2011.08.08 16:07:37.463,17.07681,17.08227,0.00,0.00
2011.08.08 16:07:37.574,17.07617,17.08213,0.00,0.00
2011.08.08 16:07:39.949,17.0759,17.0823,0.00,0.00
2011.08.08 16:07:40.064,17.07612,17.08208,0.00,0.00
2011.08.08 16:07:41.331,17.07631,17.08185,0.00,0.00
2011.08.08 16:07:42.993,17.07647,17.08195,0.00,0.00
2011.08.08 16:07:43.104,17.07664,17.08218,0.00,0.00
2011.08.08 16:07:45.786,17.07686,17.08233,0.00,0.00
2011.08.08 16:07:45.892,17.07682,17.0828,0.00,0.00
2011.08.08 16:07:46.723,17.07726,17.08274,0.00,0.00
2011.08.08 16:07:46.834,17.07706,17.08302,0.00,0.00
2011.08.08 16:07:46.943,17.07663,17.08303,0.00,0.00
2011.08.08 16:07:47.055,17.0772,17.08216,0.00,0.00
2011.08.08 16:07:47.771,17.0768,17.08276,0.00,0.00
2011.08.08 16:07:47.994,17.07702,17.08256,0.00,0.00
2011.08.08 16:07:48.103,17.07663,17.08259,0.00,0.00
2011.08.08 16:07:48.573,17.077,17.08204,0.00,0.00
2011.08.08 16:07:48.954,17.07746,17.08192,0.00,0.00
2011.08.08 16:07:49.063,17.07725,17.08271,0.00,0.00
2011.08.08 16:07:51.186,17.07771,17.08297,0.00,0.00
2011.08.08 16:07:51.544,17.07798,17.08345,0.00,0.00
2011.08.08 16:07:51.653,17.07791,17.08387,0.00,0.00
2011.08.08 16:07:54.899,17.07847,17.08343,0.00,0.00
2011.08.08 16:07:55.736,17.07788,17.08384,0.00,0.00
2011.08.08 16:07:56.174,17.07787,17.08385,0.00,0.00
2011.08.08 16:07:57.754,17.07816,17.08362,0.00,0.00
2011.08.08 16:07:58.653,17.07792,17.08388,0.00,0.00
2011.08.08 16:07:58.764,17.0782,17.08374,0.00,0.00
2011.08.08 16:07:59.093,17.07829,17.08376,0.00,0.00
2011.08.08 16:07:59.707,17.07834,17.08388,0.00,0.00
2011.08.08 16:08:06.093,17.07824,17.08422,0.00,0.00
2011.08.08 16:08:07.995,17.07828,17.08382,0.00,0.00
2011.08.08 16:08:08.514,17.07796,17.08292,0.00,0.00
2011.08.08 16:08:08.625,17.07743,17.08247,0.00,0.00
2011.08.08 16:08:10.306,17.07667,17.08307,0.00,0.00
2011.08.08 16:08:10.415,17.07689,17.08285,0.00,0.00
2011.08.08 16:08:11.305,17.07676,17.08316,0.00,0.00
2011.08.08 16:08:11.633,17.07683,17.08323,0.00,0.00
2011.08.08 16:08:12.084,17.07705,17.08303,0.00,0.00
2011.08.08 16:08:12.475,17.07719,17.08267,0.00,0.00
2011.08.08 16:08:13.056,17.0769,17.08286,0.00,0.00
2011.08.08 16:08:13.322,17.07669,17.08309,0.00,0.00
2011.08.08 16:08:13.435,17.0769,17.08288,0.00,0.00
2011.08.08 16:08:16.017,17.07711,17.08265,0.00,0.00
2011.08.08 16:08:16.853,17.07682,17.0828,0.00,0.00
2011.08.08 16:08:16.963,17.07678,17.08276,0.00,0.00
2011.08.08 16:08:17.299,17.07674,17.0827,0.00,0.00
2011.08.08 16:08:17.623,17.07654,17.0825,0.00,0.00
2011.08.08 16:08:18.344,17.07618,17.08214,0.00,0.00
2011.08.08 16:08:18.454,17.07672,17.08126,0.00,0.00
2011.08.08 16:08:19.548,17.07615,17.08211,0.00,0.00
2011.08.08 16:08:20.317,17.07621,17.08217,0.00,0.00
2011.08.08 16:08:21.285,17.07618,17.08214,0.00,0.00
2011.08.08 16:08:22.114,17.07633,17.08187,0.00,0.00
2011.08.08 16:08:23.948,17.07602,17.08198,0.00,0.00
2011.08.08 16:08:25.004,17.07584,17.08182,0.00,0.00
2011.08.08 16:08:28.046,17.07622,17.08176,0.00,0.00
2011.08.08 16:08:29.914,17.07723,17.08171,0.00,0.00
2011.08.08 16:08:30.133,17.07726,17.08274,0.00,0.00
2011.08.08 16:08:30.893,17.07821,17.08319,0.00,0.00
2011.08.08 16:08:31.115,17.07851,17.08405,0.00,0.00
2011.08.08 16:08:31.649,17.07809,17.08449,0.00,0.00
2011.08.08 16:08:31.754,17.07792,17.08432,0.00,0.00
2011.08.08 16:08:32.084,17.07827,17.08374,0.00,0.00
2011.08.08 16:08:32.193,17.07799,17.08395,0.00,0.00
2011.08.08 16:08:33.265,17.07834,17.0838,0.00,0.00
2011.08.08 16:08:34.513,17.07861,17.08365,0.00,0.00
2011.08.08 16:08:35.172,17.07855,17.08351,0.00,0.00
2011.08.08 16:08:35.275,17.07788,17.08384,0.00,0.00
2011.08.08 16:08:35.498,17.07792,17.0839,0.00,0.00
2011.08.08 16:08:36.394,17.07846,17.08394,0.00,0.00
2011.08.08 16:08:36.723,17.07854,17.08452,0.00,0.00
2011.08.08 16:08:37.163,17.0787,17.08466,0.00,0.00
2011.08.08 16:08:38.953,17.07876,17.08472,0.00,0.00
2011.08.08 16:08:39.064,17.0788,17.08477,0.00,0.00
2011.08.08 16:08:39.173,17.07878,17.08474,0.00,0.00
2011.08.08 16:08:39.283,17.07876,17.08472,0.00,0.00
2011.08.08 16:08:39.804,17.0787,17.08466,0.00,0.00
2011.08.08 16:08:40.140,17.0785,17.08448,0.00,0.00
2011.08.08 16:08:41.176,17.07859,17.08407,0.00,0.00
2011.08.08 16:08:42.143,17.0786,17.08408,0.00,0.00
2011.08.08 16:08:42.978,17.07829,17.08427,0.00,0.00
2011.08.08 16:08:43.193,17.07816,17.08414,0.00,0.00
2011.08.08 16:08:44.556,17.07776,17.08416,0.00,0.00
2011.08.08 16:08:44.975,17.07779,17.08375,0.00,0.00
2011.08.08 16:08:49.083,17.07798,17.08352,0.00,0.00
2011.08.08 16:08:50.456,17.07821,17.08367,0.00,0.00
2011.08.08 16:08:50.743,17.07849,17.08396,0.00,0.00
2011.08.08 16:08:51.094,17.07857,17.08453,0.00,0.00
2011.08.08 16:08:51.203,17.0788,17.08478,0.00,0.00
2011.08.08 16:08:51.615,17.07893,17.08533,0.00,0.00
2011.08.08 16:08:51.724,17.07984,17.08582,0.00,0.00
2011.08.08 16:08:52.054,17.08161,17.08607,0.00,0.00
2011.08.08 16:08:52.164,17.08218,17.08724,0.00,0.00
2011.08.08 16:08:52.384,17.08361,17.08745,0.00,0.00
2011.08.08 16:08:53.404,17.08346,17.08922,0.00,0.00
2011.08.08 16:08:53.624,17.08398,17.08994,0.00,0.00
2011.08.08 16:08:55.519,17.0843,17.09028,0.00,0.00
2011.08.08 16:08:56.584,17.08437,17.09035,0.00,0.00
2011.08.08 16:08:56.693,17.08404,17.09044,0.00,0.00
2011.08.08 16:08:57.004,17.08418,17.09014,0.00,0.00
2011.08.08 16:08:57.304,17.08387,17.09027,0.00,0.00
2011.08.08 16:08:57.523,17.08381,17.09021,0.00,0.00
2011.08.08 16:08:57.940,17.08371,17.09011,0.00,0.00
2011.08.08 16:08:58.323,17.08382,17.08978,0.00,0.00
2011.08.08 16:08:58.653,17.08377,17.08973,0.00,0.00
2011.08.08 16:08:59.534,17.0837,17.08966,0.00,0.00
2011.08.08 16:09:00.467,17.08342,17.0894,0.00,0.00
2011.08.08 16:09:00.783,17.0837,17.08816,0.00,0.00
2011.08.08 16:09:00.893,17.08259,17.08857,0.00,0.00
2011.08.08 16:09:01.004,17.08225,17.08865,0.00,0.00
2011.08.08 16:09:01.113,17.0819,17.0883,0.00,0.00
2011.08.08 16:09:01.744,17.08227,17.08675,0.00,0.00
2011.08.08 16:09:03.373,17.08115,17.08713,0.00,0.00
2011.08.08 16:09:06.438,17.08095,17.08735,0.00,0.00
2011.08.08 16:09:06.856,17.08139,17.08737,0.00,0.00
2011.08.08 16:09:08.664,17.08159,17.08757,0.00,0.00
2011.08.08 16:09:09.884,17.0816,17.08756,0.00,0.00
2011.08.08 16:09:10.585,17.08172,17.08719,0.00,0.00
2011.08.08 16:09:10.694,17.08143,17.08741,0.00,0.00
2011.08.08 16:09:10.804,17.08135,17.08775,0.00,0.00
2011.08.08 16:09:11.488,17.08161,17.08759,0.00,0.00
2011.08.08 16:09:12.894,17.08136,17.08732,0.00,0.00
2011.08.08 16:09:13.506,17.08092,17.08688,0.00,0.00
2011.08.08 16:09:14.024,17.08093,17.08639,0.00,0.00
2011.08.08 16:09:14.133,17.08042,17.08682,0.00,0.00
2011.08.08 16:09:16.324,17.08062,17.08658,0.00,0.00
2011.08.08 16:09:16.914,17.08027,17.08667,0.00,0.00
2011.08.08 16:09:17.475,17.08045,17.08641,0.00,0.00
2011.08.08 16:09:17.693,17.08033,17.08673,0.00,0.00
2011.08.08 16:09:18.635,17.08067,17.08663,0.00,0.00
2011.08.08 16:09:21.463,17.0807,17.0871,0.00,0.00
2011.08.08 16:09:22.554,17.08156,17.0871,0.00,0.00
2011.08.08 16:09:23.763,17.0816,17.08756,0.00,0.00
2011.08.08 16:09:23.874,17.08167,17.08765,0.00,0.00
2011.08.08 16:09:25.710,17.08198,17.08745,0.00,0.00
2011.08.08 16:09:26.429,17.08251,17.08705,0.00,0.00
2011.08.08 16:09:26.764,17.08159,17.08755,0.00,0.00
2011.08.08 16:09:26.939,17.08232,17.0858,0.00,0.00
2011.08.08 16:09:27.054,17.08028,17.08668,0.00,0.00
2011.08.08 16:09:29.003,17.08022,17.08618,0.00,0.00
2011.08.08 16:09:29.326,17.07968,17.08608,0.00,0.00
2011.08.08 16:09:29.434,17.07927,17.08567,0.00,0.00
2011.08.08 16:09:29.838,17.07891,17.08531,0.00,0.00
2011.08.08 16:09:30.163,17.07899,17.08495,0.00,0.00
2011.08.08 16:09:30.890,17.07889,17.08529,0.00,0.00
2011.08.08 16:09:32.525,17.07932,17.08528,0.00,0.00
2011.08.08 16:09:33.896,17.07983,17.0853,0.00,0.00
2011.08.08 16:09:34.522,17.07994,17.0859,0.00,0.00
2011.08.08 16:09:34.637,17.08046,17.08593,0.00,0.00
2011.08.08 16:09:34.754,17.08021,17.08619,0.00,0.00
2011.08.08 16:09:34.975,17.07995,17.08635,0.00,0.00
2011.08.08 16:09:35.083,17.08016,17.08614,0.00,0.00
2011.08.08 16:09:35.653,17.07996,17.08636,0.00,0.00
2011.08.08 16:09:35.875,17.08028,17.08626,0.00,0.00
2011.08.08 16:09:36.203,17.08055,17.08602,0.00,0.00
2011.08.08 16:09:36.665,17.07997,17.08637,0.00,0.00
2011.08.08 16:09:37.084,17.08009,17.08605,0.00,0.00
2011.08.08 16:09:37.824,17.07997,17.08595,0.00,0.00
2011.08.08 16:09:38.043,17.07992,17.08632,0.00,0.00
2011.08.08 16:09:38.154,17.08042,17.0864,0.00,0.00
2011.08.08 16:09:38.483,17.08036,17.08676,0.00,0.00
2011.08.08 16:09:38.964,17.08025,17.08665,0.00,0.00
2011.08.08 16:09:39.635,17.08074,17.08622,0.00,0.00
2011.08.08 16:09:39.964,17.08097,17.08644,0.00,0.00
2011.08.08 16:09:40.184,17.08071,17.08667,0.00,0.00
2011.08.08 16:09:40.624,17.08048,17.08688,0.00,0.00
2011.08.08 16:09:41.612,17.08085,17.08681,0.00,0.00
2011.08.08 16:09:43.585,17.08078,17.08718,0.00,0.00
2011.08.08 16:09:43.911,17.08105,17.08701,0.00,0.00
2011.08.08 16:09:44.351,17.08106,17.08702,0.00,0.00
2011.08.08 16:09:44.891,17.08123,17.08719,0.00,0.00
2011.08.08 16:09:45.231,17.08139,17.08715,0.00,0.00
2011.08.08 16:09:45.561,17.08123,17.08721,0.00,0.00
2011.08.08 16:09:46.002,17.08141,17.08687,0.00,0.00
2011.08.08 16:09:46.570,17.08148,17.08672,0.00,0.00
2011.08.08 16:09:46.681,17.08129,17.08675,0.00,0.00
2011.08.08 16:09:46.791,17.08119,17.08666,0.00,0.00
2011.08.08 16:09:48.764,17.08089,17.08687,0.00,0.00
2011.08.08 16:09:50.956,17.08124,17.08671,0.00,0.00
2011.08.08 16:09:51.061,17.08142,17.08696,0.00,0.00
2011.08.08 16:09:51.281,17.08181,17.08728,0.00,0.00
2011.08.08 16:09:51.501,17.08202,17.08756,0.00,0.00
2011.08.08 16:09:53.831,17.08211,17.08758,0.00,0.00
2011.08.08 16:09:53.940,17.08178,17.08776,0.00,0.00
2011.08.08 16:09:54.303,17.08174,17.08772,0.00,0.00
2011.08.08 16:09:56.003,17.082,17.08747,0.00,0.00
2011.08.08 16:09:56.735,17.0825,17.08746,0.00,0.00
2011.08.08 16:09:56.841,17.08251,17.08827,0.00,0.00
2011.08.08 16:09:57.007,17.0833,17.08784,0.00,0.00
2011.08.08 16:09:57.452,17.08267,17.08814,0.00,0.00
2011.08.08 16:10:00.098,17.08268,17.08764,0.00,0.00
2011.08.08 16:10:00.541,17.08201,17.08799,0.00,0.00
2011.08.08 16:10:01.346,17.08361,17.08661,0.00,0.00
2011.08.08 16:10:01.451,17.08259,17.08806,0.00,0.00
2011.08.08 16:10:01.561,17.08264,17.0886,0.00,0.00
2011.08.08 16:10:01.781,17.08317,17.08864,0.00,0.00
2011.08.08 16:10:02.701,17.08371,17.08868,0.00,0.00
2011.08.08 16:10:03.032,17.0833,17.0897,0.00,0.00
2011.08.08 16:10:03.362,17.08377,17.08983,0.00,0.00
2011.08.08 16:10:03.471,17.0839,17.0903,0.00,0.00
2011.08.08 16:10:04.061,17.08466,17.09013,0.00,0.00
2011.08.08 16:10:04.592,17.0852,17.09018,0.00,0.00
2011.08.08 16:10:04.951,17.085,17.09098,0.00,0.00
2011.08.08 16:10:05.061,17.08509,17.09149,0.00,0.00
2011.08.08 16:10:05.942,17.08568,17.09164,0.00,0.00
2011.08.08 16:10:06.051,17.0861,17.0925,0.00,0.00
2011.08.08 16:10:06.698,17.08678,17.09318,0.00,0.00
2011.08.08 16:10:07.523,17.08742,17.09338,0.00,0.00
2011.08.08 16:10:07.852,17.08841,17.09337,0.00,0.00
2011.08.08 16:10:08.071,17.08817,17.09457,0.00,0.00
2011.08.08 16:10:08.181,17.08873,17.09471,0.00,0.00
2011.08.08 16:10:08.552,17.08877,17.09517,0.00,0.00
2011.08.08 16:10:08.661,17.08906,17.09502,0.00,0.00
2011.08.08 16:10:10.111,17.08864,17.09504,0.00,0.00
2011.08.08 16:10:10.221,17.08881,17.09428,0.00,0.00
2011.08.08 16:10:10.331,17.08844,17.0944,0.00,0.00
2011.08.08 16:10:10.441,17.08813,17.09453,0.00,0.00
2011.08.08 16:10:10.772,17.08801,17.09397,0.00,0.00
2011.08.08 16:10:14.781,17.08721,17.09319,0.00,0.00
2011.08.08 16:10:15.112,17.08648,17.09246,0.00,0.00
2011.08.08 16:10:15.221,17.08621,17.09261,0.00,0.00
2011.08.08 16:10:16.242,17.08625,17.09265,0.00,0.00
2011.08.08 16:10:16.591,17.08613,17.09253,0.00,0.00
2011.08.08 16:10:17.251,17.08609,17.09249,0.00,0.00
2011.08.08 16:10:17.582,17.08611,17.09251,0.00,0.00
2011.08.08 16:10:18.021,17.08642,17.09282,0.00,0.00
2011.08.08 16:10:18.931,17.0873,17.09278,0.00,0.00
2011.08.08 16:10:19.261,17.08719,17.09359,0.00,0.00
2011.08.08 16:10:19.844,17.08758,17.09354,0.00,0.00
2011.08.08 16:10:20.551,17.08741,17.09381,0.00,0.00
2011.08.08 16:10:20.897,17.0876,17.09358,0.00,0.00
2011.08.08 16:10:21.661,17.08729,17.09369,0.00,0.00
2011.08.08 16:10:22.063,17.08752,17.0935,0.00,0.00
2011.08.08 16:10:22.392,17.08777,17.09375,0.00,0.00
2011.08.08 16:10:23.360,17.0882,17.09374,0.00,0.00
2011.08.08 16:10:23.582,17.08807,17.09405,0.00,0.00
2011.08.08 16:10:23.953,17.0882,17.09367,0.00,0.00
2011.08.08 16:10:24.061,17.08727,17.09367,0.00,0.00
2011.08.08 16:10:24.651,17.08758,17.09206,0.00,0.00
2011.08.08 16:10:24.763,17.08708,17.09206,0.00,0.00
2011.08.08 16:10:25.091,17.08697,17.09245,0.00,0.00
2011.08.08 16:10:25.641,17.08687,17.09327,0.00,0.00
2011.08.08 16:10:25.751,17.08763,17.0931,0.00,0.00
2011.08.08 16:10:25.862,17.08732,17.0933,0.00,0.00
2011.08.08 16:10:28.303,17.08705,17.09301,0.00,0.00
2011.08.08 16:10:28.734,17.08673,17.09313,0.00,0.00
2011.08.08 16:10:28.952,17.08688,17.09284,0.00,0.00
2011.08.08 16:10:32.464,17.08709,17.09256,0.00,0.00
2011.08.08 16:10:33.014,17.08684,17.0928,0.00,0.00
2011.08.08 16:10:33.761,17.08696,17.09292,0.00,0.00
2011.08.08 16:10:33.875,17.08709,17.09305,0.00,0.00
2011.08.08 16:10:34.091,17.08693,17.09333,0.00,0.00
2011.08.08 16:10:34.311,17.08724,17.09322,0.00,0.00
2011.08.08 16:10:36.534,17.08729,17.09325,0.00,0.00
2011.08.08 16:10:36.980,17.08738,17.09334,0.00,0.00
2011.08.08 16:10:37.986,17.08768,17.09322,0.00,0.00
2011.08.08 16:10:42.802,17.08776,17.09323,0.00,0.00
2011.08.08 16:10:42.911,17.08775,17.09329,0.00,0.00
2011.08.08 16:10:43.022,17.08736,17.09376,0.00,0.00
2011.08.08 16:10:43.131,17.08755,17.09351,0.00,0.00
2011.08.08 16:10:43.464,17.08747,17.09343,0.00,0.00
2011.08.08 16:10:44.321,17.08736,17.09376,0.00,0.00
2011.08.08 16:10:44.541,17.08767,17.09365,0.00,0.00
2011.08.08 16:10:45.783,17.08769,17.09365,0.00,0.00
2011.08.08 16:10:46.444,17.08757,17.09355,0.00,0.00
2011.08.08 16:10:46.771,17.08749,17.09345,0.00,0.00
2011.08.08 16:10:47.422,17.08741,17.09381,0.00,0.00
2011.08.08 16:10:47.531,17.08799,17.09346,0.00,0.00
2011.08.08 16:10:47.861,17.08807,17.09303,0.00,0.00
2011.08.08 16:10:47.974,17.08731,17.09327,0.00,0.00
2011.08.08 16:10:48.201,17.08744,17.09292,0.00,0.00
2011.08.08 16:10:48.421,17.0873,17.09328,0.00,0.00
2011.08.08 16:10:48.901,17.08727,17.09367,0.00,0.00
2011.08.08 16:10:49.012,17.08756,17.09374,0.00,0.00
2011.08.08 16:10:50.441,17.088,17.09346,0.00,0.00
2011.08.08 16:10:50.551,17.08764,17.09382,0.00,0.00
2011.08.08 16:10:51.086,17.08778,17.09376,0.00,0.00
2011.08.08 16:10:51.552,17.08809,17.09355,0.00,0.00
2011.08.08 16:10:51.934,17.08787,17.09383,0.00,0.00
2011.08.08 16:10:52.484,17.08814,17.09368,0.00,0.00
2011.08.08 16:10:54.794,17.08814,17.0936,0.00,0.00
2011.08.08 16:10:57.093,17.08819,17.09323,0.00,0.00
2011.08.08 16:10:57.542,17.08778,17.09332,0.00,0.00
2011.08.08 16:10:57.653,17.08764,17.09312,0.00,0.00
2011.08.08 16:10:57.763,17.08713,17.09311,0.00,0.00
2011.08.08 16:10:58.533,17.08687,17.09285,0.00,0.00
2011.08.08 16:11:02.293,17.08672,17.0927,0.00,0.00
2011.08.08 16:11:03.114,17.08693,17.09247,0.00,0.00
2011.08.08 16:11:06.022,17.08688,17.09284,0.00,0.00
2011.08.08 16:11:07.001,17.08747,17.09273,0.00,0.00
2011.08.08 16:11:07.112,17.08743,17.09311,0.00,0.00
2011.08.08 16:11:07.222,17.08746,17.0932,0.00,0.00
2011.08.08 16:11:08.651,17.08746,17.09342,0.00,0.00
2011.08.08 16:11:10.636,17.0875,17.09348,0.00,0.00
2011.08.08 16:11:10.852,17.08712,17.09352,0.00,0.00
2011.08.08 16:11:10.961,17.08727,17.09275,0.00,0.00
2011.08.08 16:11:11.071,17.08677,17.09275,0.00,0.00
2011.08.08 16:11:11.641,17.08694,17.09241,0.00,0.00
2011.08.08 16:11:11.862,17.08679,17.09275,0.00,0.00
2011.08.08 16:11:12.081,17.08662,17.09302,0.00,0.00
2011.08.08 16:11:13.182,17.0868,17.09276,0.00,0.00
2011.08.08 16:11:13.603,17.08675,17.09271,0.00,0.00
2011.08.08 16:11:15.631,17.08665,17.09261,0.00,0.00
2011.08.08 16:11:17.063,17.08669,17.09217,0.00,0.00
2011.08.08 16:11:19.281,17.0867,17.09166,0.00,0.00
2011.08.08 16:11:19.501,17.08612,17.09208,0.00,0.00
2011.08.08 16:11:21.702,17.08678,17.09175,0.00,0.00
2011.08.08 16:11:21.811,17.08664,17.09211,0.00,0.00
2011.08.08 16:11:21.921,17.08651,17.09247,0.00,0.00
2011.08.08 16:11:22.034,17.08674,17.09272,0.00,0.00
2011.08.08 16:11:22.421,17.08718,17.09244,0.00,0.00
2011.08.08 16:11:22.531,17.0866,17.09256,0.00,0.00
2011.08.08 16:11:23.101,17.08622,17.0922,0.00,0.00
2011.08.08 16:11:23.454,17.08648,17.09144,0.00,0.00
2011.08.08 16:11:24.003,17.08667,17.09113,0.00,0.00
2011.08.08 16:11:25.433,17.08645,17.09143,0.00,0.00
2011.08.08 16:11:25.900,17.08605,17.09201,0.00,0.00
2011.08.08 16:11:26.111,17.08631,17.09178,0.00,0.00
2011.08.08 16:11:26.222,17.08598,17.09194,0.00,0.00
2011.08.08 16:11:26.441,17.08623,17.09119,0.00,0.00
2011.08.08 16:11:26.973,17.08618,17.09114,0.00,0.00
2011.08.08 16:11:28.789,17.08607,17.09154,0.00,0.00
2011.08.08 16:11:28.935,17.086,17.09198,0.00,0.00
2011.08.08 16:11:29.044,17.08644,17.09191,0.00,0.00
2011.08.08 16:11:30.272,17.08669,17.09167,0.00,0.00
2011.08.08 16:11:30.830,17.08705,17.09151,0.00,0.00
2011.08.08 16:11:31.368,17.08652,17.0925,0.00,0.00
2011.08.08 16:11:31.592,17.0865,17.09268,0.00,0.00
2011.08.08 16:11:32.512,17.08659,17.09257,0.00,0.00
2011.08.08 16:11:32.622,17.08676,17.09224,0.00,0.00
2011.08.08 16:11:33.172,17.08715,17.09213,0.00,0.00
2011.08.08 16:11:33.682,17.08684,17.0928,0.00,0.00
2011.08.08 16:11:33.794,17.08668,17.09266,0.00,0.00
2011.08.08 16:11:34.152,17.08672,17.09219,0.00,0.00
2011.08.08 16:11:34.563,17.08677,17.09173,0.00,0.00
2011.08.08 16:11:34.891,17.08695,17.09141,0.00,0.00
2011.08.08 16:11:35.791,17.08627,17.09175,0.00,0.00
2011.08.08 16:11:36.011,17.08589,17.09136,0.00,0.00
2011.08.08 16:11:36.341,17.08609,17.09105,0.00,0.00
2011.08.08 16:11:40.513,17.08684,17.09081,0.00,0.00
2011.08.08 16:11:40.622,17.08676,17.09172,0.00,0.00
2011.08.08 16:11:40.952,17.08712,17.0921,0.00,0.00
2011.08.08 16:11:41.063,17.08708,17.09255,0.00,0.00
2011.08.08 16:11:43.582,17.08667,17.09307,0.00,0.00
2011.08.08 16:11:43.691,17.08697,17.09293,0.00,0.00
2011.08.08 16:11:45.331,17.08711,17.09309,0.00,0.00
2011.08.08 16:11:45.453,17.08721,17.09317,0.00,0.00
2011.08.08 16:11:46.003,17.08732,17.09328,0.00,0.00
2011.08.08 16:11:46.111,17.08772,17.0932,0.00,0.00
2011.08.08 16:11:49.302,17.08807,17.09303,0.00,0.00
2011.08.08 16:11:49.632,17.08793,17.0934,0.00,0.00
2011.08.08 16:11:50.072,17.08759,17.09399,0.00,0.00
2011.08.08 16:11:50.852,17.08784,17.09382,0.00,0.00
2011.08.08 16:11:51.071,17.08766,17.09406,0.00,0.00
2011.08.08 16:11:51.343,17.0879,17.09388,0.00,0.00
2011.08.08 16:11:51.561,17.08788,17.09428,0.00,0.00
2011.08.08 16:11:52.366,17.08843,17.09439,0.00,0.00
2011.08.08 16:11:52.583,17.0885,17.0949,0.00,0.00
2011.08.08 16:11:54.482,17.08933,17.09431,0.00,0.00
2011.08.08 16:11:54.702,17.08922,17.0947,0.00,0.00
2011.08.08 16:11:55.501,17.08906,17.09504,0.00,0.00
2011.08.08 16:11:55.902,17.08933,17.0948,0.00,0.00
2011.08.08 16:11:56.012,17.08908,17.09504,0.00,0.00
2011.08.08 16:11:56.561,17.08921,17.09469,0.00,0.00
2011.08.08 16:11:56.972,17.08934,17.09432,0.00,0.00
2011.08.08 16:11:57.393,17.08936,17.09384,0.00,0.00
2011.08.08 16:12:00.461,17.0891,17.09358,0.00,0.00
2011.08.08 16:12:03.843,17.08879,17.09397,0.00,0.00
2011.08.08 16:12:04.582,17.08912,17.09408,0.00,0.00
2011.08.08 16:12:04.692,17.08939,17.09436,0.00,0.00
2011.08.08 16:12:05.534,17.08958,17.09476,0.00,0.00
2011.08.08 16:12:05.854,17.09087,17.09405,0.00,0.00
2011.08.08 16:12:05.962,17.09017,17.09535,0.00,0.00
2011.08.08 16:12:06.292,17.09039,17.09573,0.00,0.00
2011.08.08 16:12:06.633,17.09052,17.0962,0.00,0.00
2011.08.08 16:12:06.743,17.09057,17.09675,0.00,0.00
2011.08.08 16:12:06.962,17.09112,17.0968,0.00,0.00
2011.08.08 16:12:07.640,17.092,17.09652,0.00,0.00
2011.08.08 16:12:07.754,17.0918,17.09732,0.00,0.00
2011.08.08 16:12:07.972,17.09208,17.09766,0.00,0.00
2011.08.08 16:12:08.082,17.09264,17.09766,0.00,0.00
2011.08.08 16:12:08.673,17.0929,17.09799,0.00,0.00
2011.08.08 16:12:08.784,17.09324,17.09824,0.00,0.00
2011.08.08 16:12:09.123,17.09294,17.09934,0.00,0.00
2011.08.08 16:12:09.232,17.09369,17.10009,0.00,0.00
2011.08.08 16:12:09.950,17.09537,17.10035,0.00,0.00
2011.08.08 16:12:10.161,17.09547,17.10145,0.00,0.00
2011.08.08 16:12:10.380,17.09546,17.10186,0.00,0.00
2011.08.08 16:12:10.491,17.0955,17.1019,0.00,0.00
2011.08.08 16:12:10.822,17.09687,17.10087,0.00,0.00
2011.08.08 16:12:10.973,17.09659,17.10165,0.00,0.00
2011.08.08 16:12:11.693,17.09621,17.10261,0.00,0.00
2011.08.08 16:12:12.926,17.09669,17.10271,0.00,0.00
2011.08.08 16:12:13.551,17.09724,17.10276,0.00,0.00
2011.08.08 16:12:13.881,17.09779,17.10281,0.00,0.00
2011.08.08 16:12:14.102,17.09801,17.10319,0.00,0.00
2011.08.08 16:12:14.321,17.09806,17.10374,0.00,0.00
2011.08.08 16:12:14.433,17.098,17.1044,0.00,0.00
2011.08.08 16:12:14.651,17.09841,17.10459,0.00,0.00
2011.08.08 16:12:14.761,17.09857,17.10502,0.00,0.00
2011.08.08 16:12:14.871,17.09889,17.10529,0.00,0.00
2011.08.08 16:12:15.215,17.09916,17.10561,0.00,0.00
2011.08.08 16:12:15.763,17.10028,17.1053,0.00,0.00
2011.08.08 16:12:15.983,17.10041,17.10681,0.00,0.00
2011.08.08 16:12:16.093,17.10158,17.10798,0.00,0.00
2011.08.08 16:12:16.313,17.10242,17.10887,0.00,0.00
2011.08.08 16:12:17.382,17.10325,17.10897,0.00,0.00
2011.08.08 16:12:17.492,17.10303,17.10943,0.00,0.00
2011.08.08 16:12:17.932,17.10312,17.10952,0.00,0.00
2011.08.08 16:12:18.262,17.10342,17.10986,0.00,0.00
2011.08.08 16:12:18.592,17.10349,17.10994,0.00,0.00
2011.08.08 16:12:18.922,17.10385,17.10883,0.00,0.00
2011.08.08 16:12:19.031,17.10334,17.10932,0.00,0.00
2011.08.08 16:12:19.251,17.10367,17.10969,0.00,0.00
2011.08.08 16:12:19.582,17.10382,17.10932,0.00,0.00
2011.08.08 16:12:20.753,17.103,17.10896,0.00,0.00
2011.08.08 16:12:20.971,17.10274,17.10822,0.00,0.00
2011.08.08 16:12:21.413,17.10283,17.10731,0.00,0.00
2011.08.08 16:12:21.632,17.10221,17.10719,0.00,0.00
2011.08.08 16:12:21.851,17.10142,17.1069,0.00,0.00
2011.08.08 16:12:21.961,17.1017,17.10516,0.00,0.00
2011.08.08 16:12:22.071,17.10013,17.10569,0.00,0.00
2011.08.08 16:12:22.181,17.09978,17.10584,0.00,0.00
2011.08.08 16:12:22.512,17.09942,17.10587,0.00,0.00
2011.08.08 16:12:22.828,17.09889,17.10529,0.00,0.00
2011.08.08 16:12:23.162,17.09875,17.10422,0.00,0.00
2011.08.08 16:12:23.272,17.09819,17.10417,0.00,0.00
2011.08.08 16:12:23.494,17.09816,17.10363,0.00,0.00
2011.08.08 16:12:23.601,17.09759,17.10365,0.00,0.00
2011.08.08 16:12:23.711,17.0971,17.10355,0.00,0.00
2011.08.08 16:12:24.412,17.09725,17.10281,0.00,0.00
2011.08.08 16:12:24.632,17.09653,17.10293,0.00,0.00
2011.08.08 16:12:24.992,17.09663,17.1021,0.00,0.00
2011.08.08 16:12:25.332,17.09652,17.10098,0.00,0.00
2011.08.08 16:12:26.041,17.0951,17.10108,0.00,0.00
2011.08.08 16:12:26.483,17.09471,17.10111,0.00,0.00
2011.08.08 16:12:26.592,17.09487,17.10127,0.00,0.00
2011.08.08 16:12:27.092,17.095,17.1014,0.00,0.00
2011.08.08 16:12:27.421,17.09505,17.10145,0.00,0.00
2011.08.08 16:12:29.452,17.09571,17.10117,0.00,0.00
2011.08.08 16:12:29.731,17.09552,17.1015,0.00,0.00
2011.08.08 16:12:29.843,17.09571,17.10117,0.00,0.00
2011.08.08 16:12:32.041,17.09552,17.10148,0.00,0.00
2011.08.08 16:12:32.270,17.09579,17.10175,0.00,0.00
2011.08.08 16:12:32.381,17.09579,17.10219,0.00,0.00
2011.08.08 16:12:32.601,17.0963,17.10178,0.00,0.00
2011.08.08 16:12:33.041,17.0958,17.1022,0.00,0.00
2011.08.08 16:12:33.262,17.09577,17.10217,0.00,0.00
2011.08.08 16:12:33.592,17.09555,17.10151,0.00,0.00
2011.08.08 16:12:34.289,17.09499,17.10139,0.00,0.00
2011.08.08 16:12:34.402,17.09514,17.10154,0.00,0.00
2011.08.08 16:12:34.882,17.09532,17.10172,0.00,0.00
2011.08.08 16:12:35.612,17.09504,17.10144,0.00,0.00
2011.08.08 16:12:35.941,17.0953,17.10028,0.00,0.00
2011.08.08 16:12:36.601,17.0955,17.09948,0.00,0.00
2011.08.08 16:12:36.712,17.09504,17.09952,0.00,0.00
2011.08.08 16:12:36.822,17.09429,17.09976,0.00,0.00
2011.08.08 16:12:36.932,17.09441,17.09939,0.00,0.00
2011.08.08 16:12:37.261,17.09463,17.09911,0.00,0.00
2011.08.08 16:12:37.853,17.0944,17.09938,0.00,0.00
2011.08.08 16:12:37.961,17.09434,17.09981,0.00,0.00
2011.08.08 16:12:38.071,17.09452,17.09998,0.00,0.00
2011.08.08 16:12:38.493,17.09485,17.09981,0.00,0.00
2011.08.08 16:12:38.711,17.09473,17.10021,0.00,0.00
2011.08.08 16:12:38.823,17.0946,17.10056,0.00,0.00
2011.08.08 16:12:39.041,17.09447,17.10087,0.00,0.00
2011.08.08 16:12:39.261,17.09447,17.10087,0.00,0.00
2011.08.08 16:12:39.592,17.09471,17.10018,0.00,0.00
2011.08.08 16:12:39.901,17.09456,17.09954,0.00,0.00
2011.08.08 16:12:40.123,17.09345,17.09985,0.00,0.00
2011.08.08 16:12:40.342,17.09355,17.09951,0.00,0.00
2011.08.08 16:12:40.452,17.09359,17.09999,0.00,0.00
2011.08.08 16:12:40.562,17.09435,17.09983,0.00,0.00
2011.08.08 16:12:41.742,17.09462,17.0996,0.00,0.00
2011.08.08 16:12:42.071,17.09484,17.09932,0.00,0.00
2011.08.08 16:12:42.402,17.09452,17.0995,0.00,0.00
2011.08.08 16:12:42.552,17.09391,17.09987,0.00,0.00
2011.08.08 16:12:43.102,17.09348,17.09988,0.00,0.00
2011.08.08 16:12:44.081,17.09335,17.09933,0.00,0.00
2011.08.08 16:12:44.412,17.09351,17.09897,0.00,0.00
2011.08.08 16:12:44.971,17.09342,17.09938,0.00,0.00
2011.08.08 16:12:45.412,17.09425,17.09873,0.00,0.00
2011.08.08 16:12:45.983,17.09328,17.09924,0.00,0.00
2011.08.08 16:12:46.501,17.09335,17.09883,0.00,0.00
2011.08.08 16:12:47.051,17.09386,17.09834,0.00,0.00
2011.08.08 16:12:47.161,17.09379,17.09875,0.00,0.00
2011.08.08 16:12:47.381,17.09377,17.09925,0.00,0.00
2011.08.08 16:12:47.601,17.09438,17.09886,0.00,0.00
2011.08.08 16:12:47.943,17.0937,17.09918,0.00,0.00
2011.08.08 16:12:48.861,17.0937,17.09867,0.00,0.00
2011.08.08 16:12:49.412,17.09356,17.09804,0.00,0.00
2011.08.08 16:12:49.631,17.09289,17.09787,0.00,0.00
2011.08.08 16:12:50.951,17.0925,17.09798,0.00,0.00
2011.08.08 16:12:51.361,17.09251,17.09847,0.00,0.00
2011.08.08 16:12:51.572,17.09276,17.09916,0.00,0.00
2011.08.08 16:12:52.061,17.09363,17.09911,0.00,0.00
2011.08.08 16:12:52.669,17.09372,17.0997,0.00,0.00
2011.08.08 16:12:52.891,17.09383,17.10023,0.00,0.00
2011.08.08 16:12:53.111,17.09445,17.09991,0.00,0.00
2011.08.08 16:12:54.133,17.09456,17.09952,0.00,0.00
2011.08.08 16:12:54.492,17.09384,17.10002,0.00,0.00
2011.08.08 16:12:54.743,17.09387,17.10027,0.00,0.00
2011.08.08 16:12:54.961,17.09427,17.10025,0.00,0.00
2011.08.08 16:12:55.517,17.09414,17.10058,0.00,0.00
2011.08.08 16:12:55.973,17.09444,17.10042,0.00,0.00
2011.08.08 16:12:56.411,17.095,17.10054,0.00,0.00
2011.08.08 16:12:57.091,17.09532,17.10128,0.00,0.00
2011.08.08 16:12:57.421,17.09637,17.10091,0.00,0.00
2011.08.08 16:12:57.948,17.09628,17.10074,0.00,0.00
2011.08.08 16:12:58.501,17.09539,17.10135,0.00,0.00
2011.08.08 16:12:58.613,17.09561,17.10159,0.00,0.00
2011.08.08 16:12:59.052,17.09581,17.10179,0.00,0.00
2011.08.08 16:12:59.161,17.09583,17.10223,0.00,0.00
2011.08.08 16:13:00.201,17.09624,17.1022,0.00,0.00
2011.08.08 16:13:00.631,17.09604,17.10244,0.00,0.00
2011.08.08 16:13:01.062,17.09645,17.10192,0.00,0.00
2011.08.08 16:13:01.281,17.09631,17.10229,0.00,0.00
2011.08.08 16:13:01.501,17.09627,17.10267,0.00,0.00
2011.08.08 16:13:01.911,17.09655,17.10251,0.00,0.00
2011.08.08 16:13:02.934,17.09665,17.10212,0.00,0.00
2011.08.08 16:13:03.262,17.09669,17.10167,0.00,0.00
2011.08.08 16:13:05.872,17.0966,17.10108,0.00,0.00
2011.08.08 16:13:08.012,17.09568,17.10115,0.00,0.00
2011.08.08 16:13:08.633,17.09622,17.10018,0.00,0.00
2011.08.08 16:13:08.964,17.09552,17.10098,0.00,0.00
2011.08.08 16:13:09.610,17.09565,17.10061,0.00,0.00
2011.08.08 16:13:12.798,17.09566,17.10014,0.00,0.00
2011.08.08 16:13:12.913,17.09502,17.1005,0.00,0.00
2011.08.08 16:13:13.622,17.09546,17.09994,0.00,0.00
2011.08.08 16:13:13.951,17.09476,17.10024,0.00,0.00
2011.08.08 16:13:14.671,17.09494,17.09992,0.00,0.00
2011.08.08 16:13:14.892,17.09489,17.10036,0.00,0.00
2011.08.08 16:13:15.111,17.09564,17.1001,0.00,0.00
2011.08.08 16:13:15.671,17.09537,17.10035,0.00,0.00
2011.08.08 16:13:16.475,17.09453,17.10093,0.00,0.00
2011.08.08 16:13:17.043,17.09477,17.10073,0.00,0.00
2011.08.08 16:13:17.555,17.09487,17.10083,0.00,0.00
2011.08.08 16:13:17.772,17.09483,17.10123,0.00,0.00
2011.08.08 16:13:18.561,17.09525,17.10123,0.00,0.00
2011.08.08 16:13:18.671,17.09527,17.10167,0.00,0.00
2011.08.08 16:13:18.781,17.09563,17.10161,0.00,0.00
2011.08.08 16:13:19.362,17.09561,17.10201,0.00,0.00
2011.08.08 16:13:19.471,17.09661,17.10157,0.00,0.00
2011.08.08 16:13:19.581,17.09645,17.10192,0.00,0.00
2011.08.08 16:13:19.801,17.09686,17.10134,0.00,0.00
2011.08.08 16:13:20.021,17.09649,17.10147,0.00,0.00
2011.08.08 16:13:20.242,17.09668,17.10064,0.00,0.00
2011.08.08 16:13:20.523,17.0958,17.10076,0.00,0.00
2011.08.08 16:13:23.853,17.09562,17.10008,0.00,0.00
2011.08.08 16:13:23.962,17.09452,17.09999,0.00,0.00
2011.08.08 16:13:24.071,17.09441,17.09939,0.00,0.00
2011.08.08 16:13:25.732,17.09388,17.10028,0.00,0.00
2011.08.08 16:13:26.001,17.09454,17.10001,0.00,0.00
2011.08.08 16:13:26.742,17.09438,17.09992,0.00,0.00
2011.08.08 16:13:27.512,17.09385,17.09983,0.00,0.00
2011.08.08 16:13:27.622,17.09399,17.09946,0.00,0.00
2011.08.08 16:13:27.951,17.09387,17.09983,0.00,0.00
2011.08.08 16:13:30.996,17.09447,17.09945,0.00,0.00
2011.08.08 16:13:31.561,17.09414,17.09962,0.00,0.00
2011.08.08 16:13:33.835,17.09372,17.09968,0.00,0.00
2011.08.08 16:13:34.192,17.0938,17.09928,0.00,0.00
2011.08.08 16:13:35.241,17.09419,17.09915,0.00,0.00
2011.08.08 16:13:36.573,17.09459,17.09955,0.00,0.00
2011.08.08 16:13:36.896,17.09463,17.10011,0.00,0.00
2011.08.08 16:13:38.302,17.09477,17.10024,0.00,0.00
2011.08.08 16:13:38.756,17.09508,17.09962,0.00,0.00
2011.08.08 16:13:39.264,17.09469,17.09965,0.00,0.00
2011.08.08 16:13:39.374,17.09503,17.09951,0.00,0.00
2011.08.08 16:13:39.592,17.09425,17.10023,0.00,0.00
2011.08.08 16:13:42.956,17.09526,17.09924,0.00,0.00
2011.08.08 16:13:43.561,17.09422,17.09969,0.00,0.00
2011.08.08 16:13:44.082,17.09411,17.09959,0.00,0.00
2011.08.08 16:13:44.601,17.09481,17.09927,0.00,0.00
2011.08.08 16:13:45.561,17.09537,17.09883,0.00,0.00
2011.08.08 16:13:46.522,17.0946,17.09908,0.00,0.00
2011.08.08 16:13:47.471,17.09476,17.09822,0.00,0.00
2011.08.08 16:13:47.581,17.09408,17.09855,0.00,0.00
2011.08.08 16:13:48.041,17.0936,17.09906,0.00,0.00
2011.08.08 16:13:48.371,17.09384,17.0988,0.00,0.00
2011.08.08 16:13:48.481,17.0931,17.0995,0.00,0.00
2011.08.08 16:13:48.701,17.09311,17.09951,0.00,0.00
2011.08.08 16:13:49.033,17.09322,17.09962,0.00,0.00
2011.08.08 16:13:49.462,17.09331,17.09929,0.00,0.00
2011.08.08 16:13:52.601,17.09346,17.09894,0.00,0.00
2011.08.08 16:13:53.032,17.0934,17.09938,0.00,0.00
2011.08.08 16:13:53.143,17.0936,17.09907,0.00,0.00
2011.08.08 16:13:53.761,17.09372,17.0987,0.00,0.00
2011.08.08 16:13:54.301,17.09397,17.09843,0.00,0.00
2011.08.08 16:13:54.631,17.09304,17.09944,0.00,0.00
2011.08.08 16:13:54.741,17.09307,17.09947,0.00,0.00
2011.08.08 16:13:55.072,17.09377,17.09924,0.00,0.00
2011.08.08 16:13:55.652,17.09383,17.09979,0.00,0.00
2011.08.08 16:13:55.761,17.09411,17.10007,0.00,0.00
2011.08.08 16:13:56.195,17.0947,17.09968,0.00,0.00
2011.08.08 16:13:56.862,17.09432,17.09979,0.00,0.00
2011.08.08 16:13:58.043,17.09411,17.09958,0.00,0.00
2011.08.08 16:13:58.542,17.09452,17.09899,0.00,0.00
2011.08.08 16:14:00.431,17.09394,17.09942,0.00,0.00
2011.08.08 16:14:00.542,17.09372,17.09968,0.00,0.00
2011.08.08 16:14:00.651,17.09364,17.10004,0.00,0.00
2011.08.08 16:14:00.762,17.0942,17.10018,0.00,0.00
2011.08.08 16:14:01.244,17.09464,17.10011,0.00,0.00
2011.08.08 16:14:02.241,17.09458,17.10012,0.00,0.00
2011.08.08 16:14:03.472,17.09475,17.09973,0.00,0.00
2011.08.08 16:14:03.582,17.09402,17.10042,0.00,0.00
2011.08.08 16:14:04.021,17.09459,17.10006,0.00,0.00
2011.08.08 16:14:05.062,17.09494,17.09992,0.00,0.00
2011.08.08 16:14:07.033,17.09509,17.10007,0.00,0.00
2011.08.08 16:14:07.141,17.09491,17.10038,0.00,0.00
2011.08.08 16:14:07.783,17.09528,17.10024,0.00,0.00
2011.08.08 16:14:08.161,17.09554,17.10029,0.00,0.00
2011.08.08 16:14:08.493,17.09599,17.10047,0.00,0.00
2011.08.08 16:14:09.481,17.09698,17.10052,0.00,0.00
2011.08.08 16:14:13.992,17.09666,17.10113,0.00,0.00
2011.08.08 16:14:14.592,17.09649,17.10053,0.00,0.00
2011.08.08 16:14:14.992,17.09608,17.10112,0.00,0.00
2011.08.08 16:14:15.602,17.09683,17.10081,0.00,0.00
2011.08.08 16:14:16.062,17.09672,17.10026,0.00,0.00
2011.08.08 16:14:16.681,17.0959,17.10044,0.00,0.00
2011.08.08 16:14:18.507,17.09569,17.10043,0.00,0.00
2011.08.08 16:14:18.624,17.09588,17.10042,0.00,0.00
2011.08.08 16:14:22.101,17.09641,17.09995,0.00,0.00
2011.08.08 16:14:22.541,17.09579,17.10033,0.00,0.00
2011.08.08 16:14:24.000,17.09561,17.10035,0.00,0.00
2011.08.08 16:14:26.530,17.0957,17.10024,0.00,0.00
2011.08.08 16:14:28.782,17.09567,17.10015,0.00,0.00
2011.08.08 16:14:29.565,17.09586,17.09982,0.00,0.00
2011.08.08 16:14:29.891,17.09554,17.10002,0.00,0.00
2011.08.08 16:14:30.051,17.09503,17.1005,0.00,0.00
2011.08.08 16:14:32.031,17.09568,17.10014,0.00,0.00
2011.08.08 16:14:32.471,17.09586,17.1004,0.00,0.00
2011.08.08 16:14:35.991,17.09661,17.10015,0.00,0.00
2011.08.08 16:14:37.061,17.09598,17.10144,0.00,0.00
2011.08.08 16:14:37.802,17.09676,17.10194,0.00,0.00
2011.08.08 16:14:38.022,17.0985,17.10154,0.00,0.00
2011.08.08 16:14:38.131,17.09833,17.1023,0.00,0.00
2011.08.08 16:14:38.242,17.09838,17.10186,0.00,0.00
2011.08.08 16:14:38.602,17.09706,17.10253,0.00,0.00
2011.08.08 16:14:38.762,17.09669,17.10267,0.00,0.00
2011.08.08 16:14:39.381,17.09699,17.10246,0.00,0.00
2011.08.08 16:14:40.062,17.0977,17.10217,0.00,0.00
2011.08.08 16:14:40.951,17.0976,17.10256,0.00,0.00
2011.08.08 16:14:42.141,17.09754,17.10272,0.00,0.00
2011.08.08 16:14:44.462,17.09777,17.10273,0.00,0.00
2011.08.08 16:14:44.981,17.09798,17.10302,0.00,0.00
2011.08.08 16:14:45.091,17.09861,17.10315,0.00,0.00
2011.08.08 16:14:46.792,17.09857,17.10361,0.00,0.00
2011.08.08 16:14:47.791,17.0987,17.10366,0.00,0.00
2011.08.08 16:14:48.771,17.09876,17.1038,0.00,0.00
2011.08.08 16:14:48.991,17.099,17.10426,0.00,0.00
2011.08.08 16:14:52.495,17.09943,17.1049,0.00,0.00
2011.08.08 16:14:52.603,17.0998,17.10527,0.00,0.00
2011.08.08 16:14:52.712,17.09955,17.10595,0.00,0.00
2011.08.08 16:14:53.133,17.09984,17.10582,0.00,0.00
2011.08.08 16:14:53.481,17.10068,17.1052,0.00,0.00
2011.08.08 16:14:54.426,17.10041,17.10543,0.00,0.00
2011.08.08 16:14:54.533,17.09978,17.10574,0.00,0.00
2011.08.08 16:14:54.766,17.10001,17.10548,0.00,0.00
2011.08.08 16:14:55.072,17.10068,17.1052,0.00,0.00
2011.08.08 16:14:55.296,17.1006,17.10562,0.00,0.00
2011.08.08 16:14:55.834,17.10067,17.10576,0.00,0.00
2011.08.08 16:14:55.941,17.10045,17.10597,0.00,0.00
2011.08.08 16:14:57.124,17.10087,17.10539,0.00,0.00
2011.08.08 16:14:57.769,17.10064,17.1056,0.00,0.00
2011.08.08 16:14:58.204,17.10087,17.10533,0.00,0.00
2011.08.08 16:14:59.032,17.10057,17.10555,0.00,0.00
2011.08.08 16:14:59.251,17.1006,17.10506,0.00,0.00
2011.08.08 16:14:59.530,17.09977,17.10525,0.00,0.00
2011.08.08 16:15:00.267,17.09979,17.10475,0.00,0.00
2011.08.08 16:15:01.333,17.09991,17.10438,0.00,0.00
2011.08.08 16:15:02.811,17.09963,17.10461,0.00,0.00
2011.08.08 16:15:03.032,17.09985,17.10433,0.00,0.00
2011.08.08 16:15:03.861,17.0996,17.10458,0.00,0.00
2011.08.08 16:15:04.132,17.09985,17.10433,0.00,0.00
2011.08.08 16:15:04.242,17.0996,17.10458,0.00,0.00
2011.08.08 16:15:05.233,17.09985,17.10433,0.00,0.00
2011.08.08 16:15:05.865,17.09957,17.10455,0.00,0.00
2011.08.08 16:15:06.082,17.0997,17.10418,0.00,0.00
2011.08.08 16:15:08.747,17.09993,17.10389,0.00,0.00
2011.08.08 16:15:08.862,17.09985,17.10433,0.00,0.00
2011.08.08 16:15:12.253,17.1,17.10504,0.00,0.00
2011.08.08 16:15:14.318,17.10051,17.1056,0.00,0.00
2011.08.08 16:15:14.886,17.1013,17.1054,0.00,0.00
2011.08.08 16:15:14.991,17.10098,17.10602,0.00,0.00
2011.08.08 16:15:15.972,17.10176,17.1058,0.00,0.00
2011.08.08 16:15:16.082,17.10144,17.10642,0.00,0.00
2011.08.08 16:15:18.240,17.10156,17.10604,0.00,0.00
2011.08.08 16:15:19.081,17.10134,17.1063,0.00,0.00
2011.08.08 16:15:19.663,17.10086,17.1073,0.00,0.00
2011.08.08 16:15:19.773,17.10112,17.10752,0.00,0.00
2011.08.08 16:15:20.101,17.10282,17.10684,0.00,0.00
2011.08.08 16:15:20.883,17.10273,17.10825,0.00,0.00
2011.08.08 16:15:21.712,17.1036,17.10862,0.00,0.00
2011.08.08 16:15:21.822,17.10354,17.1095,0.00,0.00
2011.08.08 16:15:21.932,17.10371,17.11011,0.00,0.00
2011.08.08 16:15:22.042,17.10543,17.10943,0.00,0.00
2011.08.08 16:15:22.402,17.10576,17.1098,0.00,0.00
2011.08.08 16:15:22.512,17.10546,17.1105,0.00,0.00
2011.08.08 16:15:22.622,17.10573,17.11019,0.00,0.00
2011.08.08 16:15:23.062,17.1046,17.111,0.00,0.00
2011.08.08 16:15:23.383,17.10433,17.11073,0.00,0.00
2011.08.08 16:15:23.706,17.10434,17.11074,0.00,0.00
2011.08.08 16:15:24.311,17.10473,17.11113,0.00,0.00
2011.08.08 16:15:24.652,17.10547,17.11115,0.00,0.00
2011.08.08 16:15:24.982,17.10582,17.11144,0.00,0.00
2011.08.08 16:15:25.311,17.10653,17.11137,0.00,0.00
2011.08.08 16:15:25.652,17.10625,17.11223,0.00,0.00
2011.08.08 16:15:26.992,17.10687,17.11234,0.00,0.00
2011.08.08 16:15:27.321,17.1079,17.11238,0.00,0.00
2011.08.08 16:15:27.541,17.10755,17.11395,0.00,0.00
2011.08.08 16:15:27.651,17.1082,17.11388,0.00,0.00
2011.08.08 16:15:27.761,17.108,17.1144,0.00,0.00
2011.08.08 16:15:28.533,17.10873,17.1142,0.00,0.00
2011.08.08 16:15:28.643,17.10875,17.11471,0.00,0.00
2011.08.08 16:15:29.522,17.10883,17.11523,0.00,0.00
2011.08.08 16:15:29.852,17.10947,17.11543,0.00,0.00
2011.08.08 16:15:30.182,17.10975,17.11615,0.00,0.00
2011.08.08 16:15:30.291,17.11063,17.11611,0.00,0.00
2011.08.08 16:15:30.402,17.11087,17.11643,0.00,0.00
2011.08.08 16:15:30.732,17.1106,17.11658,0.00,0.00
2011.08.08 16:15:30.842,17.11082,17.11528,0.00,0.00
2011.08.08 16:15:31.061,17.10935,17.11575,0.00,0.00
2011.08.08 16:15:31.742,17.1095,17.11497,0.00,0.00
2011.08.08 16:15:32.352,17.10901,17.11541,0.00,0.00
2011.08.08 16:15:32.573,17.10903,17.11543,0.00,0.00
2011.08.08 16:15:33.032,17.10898,17.11538,0.00,0.00
2011.08.08 16:15:33.403,17.10981,17.11477,0.00,0.00
2011.08.08 16:15:33.622,17.10975,17.11521,0.00,0.00
2011.08.08 16:15:33.842,17.1097,17.11566,0.00,0.00
2011.08.08 16:15:35.301,17.10945,17.11585,0.00,0.00
2011.08.08 16:15:35.753,17.10908,17.11548,0.00,0.00
2011.08.08 16:15:36.193,17.1097,17.11416,0.00,0.00
2011.08.08 16:15:36.302,17.10856,17.11496,0.00,0.00
2011.08.08 16:15:36.411,17.10873,17.1142,0.00,0.00
2011.08.08 16:15:37.073,17.10862,17.1138,0.00,0.00
2011.08.08 16:15:37.762,17.1084,17.11386,0.00,0.00
2011.08.08 16:15:38.952,17.10862,17.11358,0.00,0.00
2011.08.08 16:15:39.493,17.10835,17.11381,0.00,0.00
2011.08.08 16:15:41.634,17.10861,17.11357,0.00,0.00
2011.08.08 16:15:41.969,17.10841,17.11387,0.00,0.00
2011.08.08 16:15:42.084,17.10893,17.11389,0.00,0.00
2011.08.08 16:15:43.032,17.10938,17.11386,0.00,0.00
2011.08.08 16:15:43.361,17.10956,17.11352,0.00,0.00
2011.08.08 16:15:43.471,17.10894,17.1139,0.00,0.00
2011.08.08 16:15:45.532,17.10868,17.11416,0.00,0.00
2011.08.08 16:15:45.754,17.10914,17.11412,0.00,0.00
2011.08.08 16:15:47.543,17.1096,17.11458,0.00,0.00
2011.08.08 16:15:47.653,17.10988,17.11534,0.00,0.00
2011.08.08 16:15:47.992,17.11071,17.11567,0.00,0.00
2011.08.08 16:15:48.104,17.11049,17.11655,0.00,0.00
2011.08.08 16:15:48.322,17.11052,17.1165,0.00,0.00
2011.08.08 16:15:51.602,17.11092,17.1159,0.00,0.00
2011.08.08 16:15:51.711,17.11059,17.11606,0.00,0.00
2011.08.08 16:15:51.932,17.11064,17.1156,0.00,0.00
2011.08.08 16:15:52.043,17.11,17.11598,0.00,0.00
2011.08.08 16:15:52.912,17.10996,17.11636,0.00,0.00
2011.08.08 16:15:53.024,17.11022,17.11662,0.00,0.00
2011.08.08 16:15:53.351,17.11052,17.1165,0.00,0.00
2011.08.08 16:15:53.693,17.11069,17.11615,0.00,0.00
2011.08.08 16:15:54.348,17.11088,17.11584,0.00,0.00
2011.08.08 16:15:54.752,17.1106,17.11606,0.00,0.00
2011.08.08 16:15:55.402,17.11072,17.11568,0.00,0.00
2011.08.08 16:15:56.862,17.11091,17.11539,0.00,0.00
2011.08.08 16:15:57.631,17.11077,17.11573,0.00,0.00
2011.08.08 16:15:58.602,17.11047,17.11593,0.00,0.00
2011.08.08 16:16:00.594,17.11035,17.11531,0.00,0.00
2011.08.08 16:16:00.933,17.11061,17.11479,0.00,0.00
2011.08.08 16:16:01.151,17.11035,17.11589,0.00,0.00
2011.08.08 16:16:01.532,17.1105,17.11646,0.00,0.00
2011.08.08 16:16:02.894,17.11071,17.11711,0.00,0.00
2011.08.08 16:16:03.748,17.11134,17.11702,0.00,0.00
2011.08.08 16:16:03.861,17.1113,17.11704,0.00,0.00
2011.08.08 16:16:03.972,17.11081,17.11721,0.00,0.00
2011.08.08 16:16:04.192,17.11095,17.11693,0.00,0.00
2011.08.08 16:16:04.521,17.11134,17.11652,0.00,0.00
2011.08.08 16:16:04.837,17.11094,17.1169,0.00,0.00
2011.08.08 16:16:05.052,17.11085,17.11725,0.00,0.00
2011.08.08 16:16:05.170,17.11134,17.11702,0.00,0.00
2011.08.08 16:16:05.917,17.11164,17.11682,0.00,0.00
2011.08.08 16:16:06.603,17.11143,17.11719,0.00,0.00
2011.08.08 16:16:06.822,17.11144,17.11712,0.00,0.00
2011.08.08 16:16:07.577,17.11165,17.11683,0.00,0.00
2011.08.08 16:16:07.912,17.11141,17.11709,0.00,0.00
2011.08.08 16:16:09.192,17.1117,17.11688,0.00,0.00
2011.08.08 16:16:09.881,17.1116,17.11736,0.00,0.00
2011.08.08 16:16:09.993,17.1122,17.11696,0.00,0.00
2011.08.08 16:16:10.944,17.11167,17.11741,0.00,0.00
2011.08.08 16:16:11.360,17.11185,17.11739,0.00,0.00
2011.08.08 16:16:11.718,17.1123,17.11706,0.00,0.00
2011.08.08 16:16:12.582,17.11194,17.11748,0.00,0.00
2011.08.08 16:16:12.691,17.11247,17.11723,0.00,0.00
2011.08.08 16:16:13.042,17.11262,17.11716,0.00,0.00
2011.08.08 16:16:13.484,17.11242,17.11718,0.00,0.00
2011.08.08 16:16:13.592,17.11199,17.11753,0.00,0.00
2011.08.08 16:16:14.171,17.11255,17.11709,0.00,0.00
2011.08.08 16:16:15.105,17.11284,17.11688,0.00,0.00
2011.08.08 16:16:15.432,17.11317,17.11713,0.00,0.00
2011.08.08 16:16:15.544,17.11315,17.11783,0.00,0.00
2011.08.08 16:16:15.652,17.11299,17.11795,0.00,0.00
2011.08.08 16:16:15.982,17.11279,17.11777,0.00,0.00
2011.08.08 16:16:16.463,17.11247,17.11765,0.00,0.00
2011.08.08 16:16:17.323,17.112,17.11796,0.00,0.00
2011.08.08 16:16:17.771,17.11249,17.11767,0.00,0.00
2011.08.08 16:16:18.102,17.1127,17.11766,0.00,0.00
2011.08.08 16:16:18.374,17.11268,17.11772,0.00,0.00
2011.08.08 16:16:18.484,17.11271,17.11767,0.00,0.00
2011.08.08 16:16:21.023,17.1131,17.11764,0.00,0.00
2011.08.08 16:16:24.751,17.11337,17.11811,0.00,0.00
2011.08.08 16:16:25.367,17.11377,17.11831,0.00,0.00
2011.08.08 16:16:25.692,17.11441,17.11795,0.00,0.00
2011.08.08 16:16:26.072,17.11397,17.11851,0.00,0.00
2011.08.08 16:16:26.181,17.11463,17.11838,0.00,0.00
2011.08.08 16:16:27.342,17.11447,17.11922,0.00,0.00
2011.08.08 16:16:28.388,17.11498,17.11902,0.00,0.00
2011.08.08 16:16:28.983,17.11468,17.11922,0.00,0.00
2011.08.08 16:16:29.543,17.1149,17.11894,0.00,0.00
2011.08.08 16:16:32.163,17.11475,17.11929,0.00,0.00
2011.08.08 16:16:32.492,17.11505,17.11909,0.00,0.00
2011.08.08 16:16:33.973,17.11467,17.11921,0.00,0.00
2011.08.08 16:16:34.982,17.1147,17.11874,0.00,0.00
2011.08.08 16:16:38.014,17.11464,17.11818,0.00,0.00
2011.08.08 16:16:42.014,17.11384,17.11838,0.00,0.00
2011.08.08 16:16:45.985,17.11399,17.11803,0.00,0.00
2011.08.08 16:16:51.611,17.11445,17.11749,0.00,0.00
2011.08.08 16:16:52.042,17.11376,17.118,0.00,0.00
2011.08.08 16:16:54.498,17.11408,17.11762,0.00,0.00
2011.08.08 16:16:54.992,17.1137,17.11796,0.00,0.00
2011.08.08 16:16:56.572,17.11406,17.1176,0.00,0.00
2011.08.08 16:16:58.458,17.11368,17.11772,0.00,0.00
2011.08.08 16:16:58.963,17.11378,17.11732,0.00,0.00
2011.08.08 16:16:59.448,17.11361,17.11736,0.00,0.00
2011.08.08 16:17:00.513,17.1137,17.11724,0.00,0.00
2011.08.08 16:17:01.538,17.11365,17.1174,0.00,0.00
2011.08.08 16:17:01.762,17.11349,17.11773,0.00,0.00
2011.08.08 16:17:02.592,17.11367,17.11771,0.00,0.00
2011.08.08 16:17:05.024,17.11412,17.11766,0.00,0.00
2011.08.08 16:17:07.038,17.11408,17.11804,0.00,0.00
2011.08.08 16:17:08.641,17.11439,17.11793,0.00,0.00
2011.08.08 16:17:11.331,17.1146,17.11878,0.00,0.00
2011.08.08 16:17:11.553,17.11534,17.11888,0.00,0.00
2011.08.08 16:17:12.765,17.11528,17.11874,0.00,0.00
2011.08.08 16:17:13.393,17.11391,17.11939,0.00,0.00
2011.08.08 16:17:13.853,17.11396,17.119,0.00,0.00
2011.08.08 16:17:14.829,17.11417,17.11871,0.00,0.00
2011.08.08 16:17:15.743,17.11411,17.11859,0.00,0.00
2011.08.08 16:17:16.113,17.11369,17.11867,0.00,0.00
2011.08.08 16:17:17.109,17.11374,17.11828,0.00,0.00
2011.08.08 16:17:17.996,17.11393,17.11797,0.00,0.00
2011.08.08 16:17:21.432,17.11376,17.1183,0.00,0.00
2011.08.08 16:17:22.053,17.11405,17.11809,0.00,0.00
2011.08.08 16:17:22.547,17.1137,17.11824,0.00,0.00
2011.08.08 16:17:22.986,17.11391,17.11795,0.00,0.00
2011.08.08 16:17:23.979,17.11426,17.1178,0.00,0.00
2011.08.08 16:17:25.662,17.11408,17.11812,0.00,0.00
2011.08.08 16:17:26.043,17.1139,17.11844,0.00,0.00
2011.08.08 16:17:29.102,17.1144,17.11836,0.00,0.00
2011.08.08 16:17:29.478,17.11448,17.11852,0.00,0.00
2011.08.08 16:17:32.032,17.11465,17.11819,0.00,0.00
2011.08.08 16:17:35.592,17.11428,17.11832,0.00,0.00
2011.08.08 16:17:38.115,17.11464,17.11818,0.00,0.00
2011.08.08 16:17:42.815,17.1149,17.11836,0.00,0.00
2011.08.08 16:17:42.925,17.11502,17.11806,0.00,0.00
2011.08.08 16:17:43.064,17.11426,17.1183,0.00,0.00
2011.08.08 16:17:43.997,17.11379,17.11833,0.00,0.00
2011.08.08 16:17:44.101,17.11397,17.11801,0.00,0.00
2011.08.08 16:17:47.183,17.11449,17.11753,0.00,0.00
2011.08.08 16:17:47.671,17.11397,17.11801,0.00,0.00
2011.08.08 16:17:49.102,17.11445,17.11749,0.00,0.00
2011.08.08 16:17:51.553,17.1138,17.11784,0.00,0.00
2011.08.08 16:18:01.072,17.11361,17.11787,0.00,0.00
2011.08.08 16:18:01.488,17.1137,17.11774,0.00,0.00
2011.08.08 16:18:12.592,17.11358,17.11784,0.00,0.00
2011.08.08 16:18:13.294,17.11377,17.11781,0.00,0.00
2011.08.08 16:18:13.676,17.11401,17.11797,0.00,0.00
2011.08.08 16:18:14.032,17.11433,17.11787,0.00,0.00
2011.08.08 16:18:15.897,17.11372,17.11826,0.00,0.00
2011.08.08 16:18:19.925,17.11444,17.11798,0.00,0.00
2011.08.08 16:18:20.282,17.11536,17.11836,0.00,0.00
2011.08.08 16:18:20.819,17.11562,17.11916,0.00,0.00
2011.08.08 16:18:25.782,17.11532,17.11986,0.00,0.00
2011.08.08 16:18:26.003,17.11468,17.12022,0.00,0.00
2011.08.08 16:18:26.786,17.11476,17.11974,0.00,0.00
2011.08.08 16:18:27.308,17.11443,17.11961,0.00,0.00
2011.08.08 16:18:27.424,17.11375,17.11971,0.00,0.00
2011.08.08 16:18:29.869,17.11363,17.1191,0.00,0.00
2011.08.08 16:18:31.602,17.11366,17.1184,0.00,0.00
2011.08.08 16:18:32.557,17.11388,17.11792,0.00,0.00
2011.08.08 16:18:33.042,17.11403,17.11829,0.00,0.00
2011.08.08 16:18:33.612,17.11475,17.11829,0.00,0.00
2011.08.08 16:18:33.986,17.11445,17.11871,0.00,0.00
2011.08.08 16:18:34.493,17.11438,17.11892,0.00,0.00
2011.08.08 16:18:34.602,17.11482,17.11886,0.00,0.00
2011.08.08 16:18:35.526,17.11539,17.11843,0.00,0.00
2011.08.08 16:18:36.078,17.11483,17.11887,0.00,0.00
2011.08.08 16:18:36.975,17.11531,17.11885,0.00,0.00
2011.08.08 16:18:38.164,17.11582,17.119,0.00,0.00
2011.08.08 16:18:38.272,17.11584,17.11932,0.00,0.00
2011.08.08 16:18:38.383,17.11635,17.11959,0.00,0.00
2011.08.08 16:18:38.601,17.1163,17.12005,0.00,0.00
2011.08.08 16:18:39.048,17.11659,17.11985,0.00,0.00
2011.08.08 16:18:41.027,17.11679,17.11983,0.00,0.00
2011.08.08 16:18:41.953,17.11662,17.12016,0.00,0.00
2011.08.08 16:18:43.562,17.11655,17.1203,0.00,0.00
2011.08.08 16:18:47.516,17.11614,17.12068,0.00,0.00
2011.08.08 16:18:47.964,17.11593,17.12041,0.00,0.00
2011.08.08 16:18:48.072,17.11467,17.12063,0.00,0.00
2011.08.08 16:18:48.182,17.11443,17.11939,0.00,0.00
2011.08.08 16:18:48.672,17.11468,17.11772,0.00,0.00
2011.08.08 16:18:49.327,17.11428,17.11732,0.00,0.00
2011.08.08 16:18:49.497,17.1137,17.11745,0.00,0.00
2011.08.08 16:18:50.891,17.11385,17.11731,0.00,0.00
2011.08.08 16:18:51.409,17.11399,17.11774,0.00,0.00
2011.08.08 16:18:52.073,17.11332,17.1195,0.00,0.00
2011.08.08 16:18:52.892,17.11399,17.11947,0.00,0.00
2011.08.08 16:18:53.363,17.11445,17.11919,0.00,0.00
2011.08.08 16:18:53.502,17.1143,17.11934,0.00,0.00
2011.08.08 16:18:55.939,17.11442,17.11916,0.00,0.00
2011.08.08 16:18:56.493,17.11416,17.1192,0.00,0.00
2011.08.08 16:18:56.602,17.11376,17.1195,0.00,0.00
2011.08.08 16:18:57.080,17.11424,17.11928,0.00,0.00
2011.08.08 16:18:57.414,17.11457,17.11931,0.00,0.00
2011.08.08 16:19:02.572,17.11507,17.11911,0.00,0.00
2011.08.08 16:19:03.469,17.11498,17.11952,0.00,0.00
2011.08.08 16:19:09.785,17.11537,17.11961,0.00,0.00
2011.08.08 16:19:10.252,17.1155,17.11954,0.00,0.00
2011.08.08 16:19:10.472,17.11501,17.11999,0.00,0.00
2011.08.08 16:19:11.356,17.11497,17.12045,0.00,0.00
2011.08.08 16:19:11.903,17.11583,17.12029,0.00,0.00
2011.08.08 16:19:12.232,17.11667,17.12021,0.00,0.00
2011.08.08 16:19:12.935,17.11722,17.12026,0.00,0.00
2011.08.08 16:19:13.483,17.11588,17.12186,0.00,0.00
2011.08.08 16:19:14.002,17.11576,17.12194,0.00,0.00
2011.08.08 16:19:14.466,17.11627,17.12173,0.00,0.00
2011.08.08 16:19:16.583,17.11668,17.12164,0.00,0.00
2011.08.08 16:19:16.693,17.11676,17.1218,0.00,0.00
2011.08.08 16:19:17.436,17.11701,17.12155,0.00,0.00
2011.08.08 16:19:17.914,17.11702,17.12106,0.00,0.00
2011.08.08 16:19:18.024,17.11601,17.12148,0.00,0.00
2011.08.08 16:19:18.362,17.11588,17.12142,0.00,0.00
2011.08.08 16:19:18.892,17.11617,17.12121,0.00,0.00
2011.08.08 16:19:20.462,17.11615,17.12163,0.00,0.00
2011.08.08 16:19:20.571,17.11742,17.12117,0.00,0.00
2011.08.08 16:19:20.682,17.11716,17.12213,0.00,0.00
2011.08.08 16:19:20.902,17.1177,17.12226,0.00,0.00
2011.08.08 16:19:22.092,17.11755,17.12303,0.00,0.00
2011.08.08 16:19:22.207,17.11857,17.12259,0.00,0.00
2011.08.08 16:19:22.312,17.11862,17.12314,0.00,0.00
2011.08.08 16:19:22.423,17.11827,17.12425,0.00,0.00
2011.08.08 16:19:22.532,17.1189,17.12486,0.00,0.00
2011.08.08 16:19:22.889,17.1199,17.12508,0.00,0.00
2011.08.08 16:19:23.003,17.1197,17.1261,0.00,0.00
2011.08.08 16:19:23.112,17.12134,17.12558,0.00,0.00
2011.08.08 16:19:23.462,17.12112,17.12642,0.00,0.00
2011.08.08 16:19:24.194,17.12133,17.12613,0.00,0.00
2011.08.08 16:19:24.602,17.12142,17.12566,0.00,0.00
2011.08.08 16:19:24.713,17.12092,17.12588,0.00,0.00
2011.08.08 16:19:24.822,17.12051,17.12598,0.00,0.00
2011.08.08 16:19:24.973,17.11969,17.12609,0.00,0.00
2011.08.08 16:19:25.302,17.1191,17.1255,0.00,0.00
2011.08.08 16:19:25.633,17.11851,17.12491,0.00,0.00
2011.08.08 16:19:25.962,17.11842,17.12482,0.00,0.00
2011.08.08 16:19:26.293,17.11874,17.12519,0.00,0.00
2011.08.08 16:19:27.583,17.119,17.1254,0.00,0.00
2011.08.08 16:19:28.102,17.11917,17.12513,0.00,0.00
2011.08.08 16:19:28.432,17.12017,17.12373,0.00,0.00
2011.08.08 16:19:28.542,17.11989,17.12345,0.00,0.00
2011.08.08 16:19:28.824,17.11986,17.12292,0.00,0.00
2011.08.08 16:19:29.042,17.11931,17.12287,0.00,0.00
2011.08.08 16:19:29.153,17.1177,17.12388,0.00,0.00
2011.08.08 16:19:29.402,17.11758,17.12326,0.00,0.00
2011.08.08 16:19:30.803,17.11675,17.12293,0.00,0.00
2011.08.08 16:19:32.023,17.11622,17.1222,0.00,0.00
2011.08.08 16:19:32.337,17.11591,17.12139,0.00,0.00
2011.08.08 16:19:32.443,17.11497,17.12095,0.00,0.00
2011.08.08 16:19:32.555,17.1142,17.1206,0.00,0.00
2011.08.08 16:19:32.774,17.11395,17.12001,0.00,0.00
2011.08.08 16:19:33.276,17.11391,17.12009,0.00,0.00
2011.08.08 16:19:33.385,17.11453,17.12021,0.00,0.00
2011.08.08 16:19:33.494,17.11489,17.12107,0.00,0.00
2011.08.08 16:19:33.603,17.11585,17.12121,0.00,0.00
2011.08.08 16:19:33.714,17.11566,17.12206,0.00,0.00
2011.08.08 16:19:33.933,17.11691,17.12197,0.00,0.00
2011.08.08 16:19:34.042,17.11696,17.12294,0.00,0.00
2011.08.08 16:19:34.372,17.11682,17.12322,0.00,0.00
2011.08.08 16:19:36.513,17.11719,17.12217,0.00,0.00
2011.08.08 16:19:36.622,17.11635,17.12231,0.00,0.00
2011.08.08 16:19:36.952,17.11644,17.12191,0.00,0.00
2011.08.08 16:19:37.594,17.11614,17.1221,0.00,0.00
2011.08.08 16:19:38.506,17.11574,17.12172,0.00,0.00
2011.08.08 16:19:41.202,17.1163,17.11976,0.00,0.00
2011.08.08 16:19:44.172,17.11502,17.1202,0.00,0.00
2011.08.08 16:19:46.063,17.1154,17.11986,0.00,0.00
2011.08.08 16:19:47.103,17.11585,17.11939,0.00,0.00
2011.08.08 16:19:49.022,17.11499,17.11997,0.00,0.00
2011.08.08 16:19:49.603,17.11515,17.12013,0.00,0.00
2011.08.08 16:19:50.352,17.11536,17.12062,0.00,0.00
2011.08.08 16:19:51.112,17.1158,17.12078,0.00,0.00
2011.08.08 16:19:51.622,17.11639,17.12093,0.00,0.00
2011.08.08 16:19:52.063,17.11656,17.1216,0.00,0.00
2011.08.08 16:19:53.093,17.1171,17.12214,0.00,0.00
2011.08.08 16:19:54.034,17.11799,17.12297,0.00,0.00
2011.08.08 16:19:54.142,17.1188,17.12376,0.00,0.00
2011.08.08 16:19:54.254,17.11926,17.1243,0.00,0.00
2011.08.08 16:19:54.362,17.11966,17.12472,0.00,0.00
2011.08.08 16:19:54.583,17.12007,17.12475,0.00,0.00
2011.08.08 16:19:54.914,17.1202,17.12482,0.00,0.00
2011.08.08 16:19:55.023,17.12025,17.12489,0.00,0.00
2011.08.08 16:19:55.504,17.1195,17.1259,0.00,0.00
2011.08.08 16:19:55.603,17.1202,17.12572,0.00,0.00
2011.08.08 16:19:56.900,17.12062,17.12592,0.00,0.00
2011.08.08 16:19:57.234,17.12116,17.12614,0.00,0.00
2011.08.08 16:19:57.763,17.12156,17.1263,0.00,0.00
2011.08.08 16:19:58.093,17.12222,17.12597,0.00,0.00
2011.08.08 16:19:58.343,17.12183,17.12658,0.00,0.00
2011.08.08 16:19:58.452,17.12274,17.12649,0.00,0.00
2011.08.08 16:19:58.562,17.12212,17.12759,0.00,0.00
2011.08.08 16:19:58.892,17.12166,17.12784,0.00,0.00
2011.08.08 16:19:59.003,17.12163,17.12803,0.00,0.00
2011.08.08 16:19:59.275,17.12209,17.12805,0.00,0.00
2011.08.08 16:19:59.773,17.12212,17.12852,0.00,0.00
2011.08.08 16:20:00.236,17.12279,17.12831,0.00,0.00
2011.08.08 16:20:00.423,17.12272,17.1284,0.00,0.00
2011.08.08 16:20:00.534,17.12262,17.12864,0.00,0.00
2011.08.08 16:20:00.641,17.12247,17.12865,0.00,0.00
2011.08.08 16:20:00.862,17.12213,17.12853,0.00,0.00
2011.08.08 16:20:01.083,17.1218,17.1282,0.00,0.00
2011.08.08 16:20:01.412,17.1216,17.128,0.00,0.00
2011.08.08 16:20:02.072,17.12146,17.12791,0.00,0.00
2011.08.08 16:20:02.913,17.12168,17.12766,0.00,0.00
2011.08.08 16:20:03.023,17.12171,17.12816,0.00,0.00
2011.08.08 16:20:03.572,17.12209,17.12805,0.00,0.00
2011.08.08 16:20:04.014,17.12197,17.12837,0.00,0.00
2011.08.08 16:20:04.124,17.12255,17.12853,0.00,0.00
2011.08.08 16:20:05.243,17.12298,17.129,0.00,0.00
2011.08.08 16:20:05.406,17.12326,17.12878,0.00,0.00
2011.08.08 16:20:06.096,17.12266,17.12906,0.00,0.00
2011.08.08 16:20:06.203,17.12262,17.12907,0.00,0.00
2011.08.08 16:20:06.535,17.12286,17.12904,0.00,0.00
2011.08.08 16:20:07.074,17.12335,17.12907,0.00,0.00
2011.08.08 16:20:07.563,17.12358,17.1291,0.00,0.00
2011.08.08 16:20:07.783,17.12341,17.12937,0.00,0.00
2011.08.08 16:20:08.393,17.12371,17.12917,0.00,0.00
2011.08.08 16:20:09.763,17.12357,17.12933,0.00,0.00
2011.08.08 16:20:09.982,17.1237,17.12918,0.00,0.00
2011.08.08 16:20:10.107,17.12349,17.12917,0.00,0.00
2011.08.08 16:20:10.213,17.12322,17.12918,0.00,0.00
2011.08.08 16:20:10.593,17.12289,17.12929,0.00,0.00
2011.08.08 16:20:11.384,17.12325,17.12877,0.00,0.00
2011.08.08 16:20:13.322,17.12309,17.12863,0.00,0.00
2011.08.08 16:20:13.942,17.12248,17.12846,0.00,0.00
2011.08.08 16:20:15.333,17.12213,17.1276,0.00,0.00
2011.08.08 16:20:15.553,17.1211,17.1275,0.00,0.00
2011.08.08 16:20:16.106,17.12067,17.12707,0.00,0.00
2011.08.08 16:20:16.213,17.1206,17.12628,0.00,0.00
2011.08.08 16:20:16.433,17.11997,17.12637,0.00,0.00
2011.08.08 16:20:16.694,17.12034,17.12586,0.00,0.00
2011.08.08 16:20:17.464,17.12014,17.12616,0.00,0.00
2011.08.08 16:20:19.202,17.12021,17.12623,0.00,0.00
2011.08.08 16:20:19.313,17.12025,17.12665,0.00,0.00
2011.08.08 16:20:19.423,17.12068,17.12664,0.00,0.00
2011.08.08 16:20:19.754,17.12021,17.12661,0.00,0.00
2011.08.08 16:20:20.452,17.11985,17.12625,0.00,0.00
2011.08.08 16:20:20.782,17.1202,17.12522,0.00,0.00
2011.08.08 16:20:21.112,17.11987,17.12493,0.00,0.00
2011.08.08 16:20:21.332,17.11936,17.12483,0.00,0.00
2011.08.08 16:20:21.575,17.11896,17.12464,0.00,0.00
2011.08.08 16:20:21.707,17.11891,17.12409,0.00,0.00
2011.08.08 16:20:22.034,17.11822,17.12419,0.00,0.00
2011.08.08 16:20:22.545,17.11807,17.12375,0.00,0.00
2011.08.08 16:20:22.901,17.11777,17.12345,0.00,0.00
2011.08.08 16:20:23.482,17.11722,17.1234,0.00,0.00
2011.08.08 16:20:23.592,17.11734,17.12252,0.00,0.00
2011.08.08 16:20:24.969,17.11626,17.12224,0.00,0.00
2011.08.08 16:20:26.646,17.11584,17.12102,0.00,0.00
2011.08.08 16:20:27.192,17.11492,17.12088,0.00,0.00
2011.08.08 16:20:27.502,17.11489,17.12036,0.00,0.00
2011.08.08 16:20:27.914,17.11482,17.1205,0.00,0.00
2011.08.08 16:20:28.023,17.11519,17.12037,0.00,0.00
2011.08.08 16:20:28.639,17.11469,17.12065,0.00,0.00
2011.08.08 16:20:28.753,17.11479,17.12027,0.00,0.00
2011.08.08 16:20:28.944,17.11469,17.12037,0.00,0.00
2011.08.08 16:20:29.460,17.11457,17.12075,0.00,0.00
2011.08.08 16:20:29.572,17.11502,17.12049,0.00,0.00
2011.08.08 16:20:30.090,17.11467,17.12063,0.00,0.00
2011.08.08 16:20:30.303,17.11478,17.12026,0.00,0.00
2011.08.08 16:20:30.523,17.11459,17.12027,0.00,0.00
2011.08.08 16:20:31.113,17.11506,17.11954,0.00,0.00
2011.08.08 16:20:31.442,17.11445,17.11963,0.00,0.00
2011.08.08 16:20:32.463,17.11476,17.11894,0.00,0.00
2011.08.08 16:20:34.163,17.1144,17.11908,0.00,0.00
2011.08.08 16:20:34.272,17.11447,17.11865,0.00,0.00
2011.08.08 16:20:34.853,17.11405,17.11901,0.00,0.00
2011.08.08 16:20:36.043,17.11374,17.11972,0.00,0.00
2011.08.08 16:20:36.153,17.11423,17.1197,0.00,0.00
2011.08.08 16:20:36.594,17.11424,17.12022,0.00,0.00
2011.08.08 16:20:37.118,17.11491,17.12038,0.00,0.00
2011.08.08 16:20:37.244,17.11518,17.12158,0.00,0.00
2011.08.08 16:20:37.352,17.11692,17.12148,0.00,0.00
2011.08.08 16:20:37.464,17.11715,17.12211,0.00,0.00
2011.08.08 16:20:37.574,17.11642,17.12248,0.00,0.00
2011.08.08 16:20:37.683,17.11555,17.12195,0.00,0.00
2011.08.08 16:20:38.123,17.11506,17.12146,0.00,0.00
2011.08.08 16:20:38.452,17.11526,17.12073,0.00,0.00
2011.08.08 16:20:39.537,17.11538,17.12036,0.00,0.00
2011.08.08 16:20:40.133,17.11551,17.11999,0.00,0.00
2011.08.08 16:20:43.307,17.11571,17.11919,0.00,0.00
2011.08.08 16:20:43.412,17.1151,17.11906,0.00,0.00
2011.08.08 16:20:45.124,17.11454,17.11901,0.00,0.00
2011.08.08 16:20:46.423,17.11418,17.11914,0.00,0.00
2011.08.08 16:20:47.043,17.11436,17.11884,0.00,0.00
2011.08.08 16:20:48.603,17.11411,17.11909,0.00,0.00
2011.08.08 16:20:49.354,17.11439,17.11885,0.00,0.00
2011.08.08 16:20:49.863,17.11426,17.11924,0.00,0.00
2011.08.08 16:20:51.524,17.11416,17.11963,0.00,0.00
2011.08.08 16:20:52.505,17.11476,17.11924,0.00,0.00
2011.08.08 16:20:55.123,17.11455,17.11953,0.00,0.00
2011.08.08 16:20:55.407,17.11466,17.11914,0.00,0.00
2011.08.08 16:20:56.735,17.1147,17.11867,0.00,0.00
2011.08.08 16:20:56.843,17.11417,17.11865,0.00,0.00
2011.08.08 16:20:58.535,17.114,17.11846,0.00,0.00
2011.08.08 16:20:58.643,17.11378,17.11876,0.00,0.00
2011.08.08 16:20:58.752,17.11351,17.11899,0.00,0.00
2011.08.08 16:20:59.902,17.11403,17.11799,0.00,0.00
2011.08.08 16:21:00.123,17.11352,17.11798,0.00,0.00
2011.08.08 16:21:10.814,17.11317,17.11815,0.00,0.00
2011.08.08 16:21:12.902,17.11341,17.11787,0.00,0.00
2011.08.08 16:21:14.828,17.11328,17.11826,0.00,0.00
2011.08.08 16:21:14.945,17.11322,17.11868,0.00,0.00
2011.08.08 16:21:16.122,17.11348,17.11844,0.00,0.00
2011.08.08 16:21:16.636,17.11341,17.11788,0.00,0.00
2011.08.08 16:21:17.003,17.11291,17.11739,0.00,0.00
2011.08.08 16:21:18.573,17.11282,17.11678,0.00,0.00
2011.08.08 16:21:18.683,17.11243,17.1169,0.00,0.00
2011.08.08 16:21:19.582,17.11213,17.11711,0.00,0.00
2011.08.08 16:21:19.824,17.11237,17.11685,0.00,0.00
2011.08.08 16:21:20.292,17.1123,17.11728,0.00,0.00
2011.08.08 16:21:21.513,17.11288,17.11756,0.00,0.00
2011.08.08 16:21:21.732,17.11258,17.11898,0.00,0.00
2011.08.08 16:21:21.855,17.11308,17.11914,0.00,0.00
2011.08.08 16:21:21.962,17.11312,17.11918,0.00,0.00
2011.08.08 16:21:22.072,17.11341,17.11888,0.00,0.00
2011.08.08 16:21:22.293,17.11329,17.11927,0.00,0.00
2011.08.08 16:21:22.833,17.11327,17.11967,0.00,0.00
2011.08.08 16:21:22.943,17.11356,17.11974,0.00,0.00
2011.08.08 16:21:23.273,17.11392,17.1194,0.00,0.00
2011.08.08 16:21:23.492,17.11318,17.11958,0.00,0.00
2011.08.08 16:21:23.603,17.11334,17.1188,0.00,0.00
2011.08.08 16:21:24.922,17.1135,17.11846,0.00,0.00
2011.08.08 16:21:25.354,17.11399,17.11845,0.00,0.00
2011.08.08 16:21:26.162,17.11348,17.11964,0.00,0.00
2011.08.08 16:21:26.272,17.11357,17.11997,0.00,0.00
2011.08.08 16:21:26.553,17.11409,17.11976,0.00,0.00
2011.08.08 16:21:27.162,17.11436,17.11983,0.00,0.00
2011.08.08 16:21:27.561,17.11444,17.12042,0.00,0.00
2011.08.08 16:21:28.003,17.11473,17.12113,0.00,0.00
2011.08.08 16:21:28.222,17.11557,17.12125,0.00,0.00
2011.08.08 16:21:29.570,17.1161,17.12157,0.00,0.00
2011.08.08 16:21:29.690,17.11614,17.1221,0.00,0.00
2011.08.08 16:21:30.432,17.11637,17.12205,0.00,0.00
2011.08.08 16:21:31.063,17.11617,17.12213,0.00,0.00
2011.08.08 16:21:31.282,17.11636,17.12184,0.00,0.00
2011.08.08 16:21:32.898,17.11656,17.12174,0.00,0.00
2011.08.08 16:21:33.232,17.11678,17.12174,0.00,0.00
2011.08.08 16:21:35.332,17.11659,17.12207,0.00,0.00
2011.08.08 16:21:36.112,17.11672,17.1217,0.00,0.00
2011.08.08 16:21:36.221,17.11593,17.1214,0.00,0.00
2011.08.08 16:21:36.554,17.11543,17.11991,0.00,0.00
2011.08.08 16:21:38.193,17.11466,17.11862,0.00,0.00
2011.08.08 16:21:39.233,17.11354,17.11752,0.00,0.00
2011.08.08 16:21:39.343,17.11247,17.11695,0.00,0.00
2011.08.08 16:21:39.782,17.11218,17.11714,0.00,0.00
2011.08.08 16:21:39.893,17.11222,17.11768,0.00,0.00
2011.08.08 16:21:40.002,17.11177,17.11817,0.00,0.00
2011.08.08 16:21:40.112,17.11205,17.11752,0.00,0.00
2011.08.08 16:21:41.174,17.11226,17.11722,0.00,0.00
2011.08.08 16:21:42.215,17.1123,17.11678,0.00,0.00
2011.08.08 16:21:43.643,17.11142,17.1169,0.00,0.00
2011.08.08 16:21:43.864,17.11154,17.1165,0.00,0.00
2011.08.08 16:21:44.083,17.11107,17.11705,0.00,0.00
2011.08.08 16:21:44.652,17.11187,17.11633,0.00,0.00
2011.08.08 16:21:46.002,17.11177,17.11675,0.00,0.00
2011.08.08 16:21:47.053,17.11171,17.11718,0.00,0.00
2011.08.08 16:21:47.272,17.11157,17.11755,0.00,0.00
2011.08.08 16:21:47.437,17.11191,17.11739,0.00,0.00
2011.08.08 16:21:47.873,17.1115,17.1179,0.00,0.00
2011.08.08 16:21:48.424,17.11241,17.11689,0.00,0.00
2011.08.08 16:21:49.653,17.11223,17.11719,0.00,0.00
2011.08.08 16:21:50.093,17.11239,17.11735,0.00,0.00
2011.08.08 16:21:50.203,17.11205,17.11803,0.00,0.00
2011.08.08 16:21:50.632,17.11202,17.11798,0.00,0.00
2011.08.08 16:21:50.973,17.11242,17.11738,0.00,0.00
2011.08.08 16:21:51.082,17.11215,17.11762,0.00,0.00
2011.08.08 16:21:51.607,17.11247,17.11745,0.00,0.00
2011.08.08 16:21:52.129,17.11222,17.1182,0.00,0.00
2011.08.08 16:21:53.077,17.11273,17.1182,0.00,0.00
2011.08.08 16:21:53.741,17.11325,17.11822,0.00,0.00
2011.08.08 16:21:53.962,17.11332,17.11879,0.00,0.00
2011.08.08 16:21:54.074,17.11364,17.11911,0.00,0.00
2011.08.08 16:21:54.514,17.1135,17.11948,0.00,0.00
2011.08.08 16:21:54.622,17.11315,17.11955,0.00,0.00
2011.08.08 16:21:56.192,17.11395,17.11841,0.00,0.00
2011.08.08 16:21:56.914,17.11366,17.11862,0.00,0.00
2011.08.08 16:22:00.594,17.11394,17.11842,0.00,0.00
2011.08.08 16:22:02.243,17.11354,17.11901,0.00,0.00
2011.08.08 16:22:03.403,17.11384,17.1188,0.00,0.00
2011.08.08 16:22:04.203,17.11368,17.11915,0.00,0.00
2011.08.08 16:22:05.155,17.11431,17.11879,0.00,0.00
2011.08.08 16:22:07.953,17.11425,17.11923,0.00,0.00
2011.08.08 16:22:08.812,17.11422,17.11969,0.00,0.00
2011.08.08 16:22:08.923,17.11414,17.12012,0.00,0.00
2011.08.08 16:22:09.034,17.1143,17.12026,0.00,0.00
2011.08.08 16:22:09.958,17.11465,17.12012,0.00,0.00
2011.08.08 16:22:12.968,17.11473,17.11971,0.00,0.00
2011.08.08 16:22:16.242,17.11469,17.11915,0.00,0.00
2011.08.08 16:22:16.353,17.11413,17.1196,0.00,0.00
2011.08.08 16:22:16.682,17.11439,17.11937,0.00,0.00
2011.08.08 16:22:18.358,17.11477,17.11923,0.00,0.00
2011.08.08 16:22:19.932,17.11457,17.11955,0.00,0.00
2011.08.08 16:22:20.152,17.11485,17.11932,0.00,0.00
2011.08.08 16:22:21.005,17.11506,17.11903,0.00,0.00
2011.08.08 16:22:26.092,17.11512,17.11858,0.00,0.00
2011.08.08 16:22:26.203,17.11448,17.11896,0.00,0.00
2011.08.08 16:22:37.223,17.11429,17.11925,0.00,0.00
2011.08.08 16:22:39.947,17.11454,17.11902,0.00,0.00
2011.08.08 16:22:44.552,17.1147,17.11867,0.00,0.00
2011.08.08 16:22:44.663,17.11441,17.11889,0.00,0.00
2011.08.08 16:22:47.153,17.11426,17.11924,0.00,0.00
2011.08.08 16:22:50.025,17.11455,17.11903,0.00,0.00
2011.08.08 16:22:50.306,17.11419,17.11917,0.00,0.00
2011.08.08 16:22:50.413,17.11442,17.11888,0.00,0.00
2011.08.08 16:22:54.222,17.11426,17.11924,0.00,0.00
2011.08.08 16:22:57.173,17.11458,17.11906,0.00,0.00
2011.08.08 16:23:08.404,17.11436,17.11934,0.00,0.00
2011.08.08 16:23:08.515,17.11425,17.11972,0.00,0.00
2011.08.08 16:23:09.692,17.11452,17.1195,0.00,0.00
2011.08.08 16:23:10.095,17.11451,17.11897,0.00,0.00
2011.08.08 16:23:15.903,17.11386,17.11834,0.00,0.00
2011.08.08 16:23:16.928,17.11366,17.11712,0.00,0.00
2011.08.08 16:23:17.045,17.11321,17.11667,0.00,0.00
2011.08.08 16:23:17.153,17.1123,17.11678,0.00,0.00
2011.08.08 16:23:18.293,17.11166,17.11662,0.00,0.00
2011.08.08 16:23:18.403,17.11173,17.11569,0.00,0.00
2011.08.08 16:23:19.436,17.11083,17.11579,0.00,0.00
2011.08.08 16:23:19.543,17.1108,17.11526,0.00,0.00
2011.08.08 16:23:19.993,17.11091,17.11488,0.00,0.00
2011.08.08 16:23:20.293,17.11061,17.11507,0.00,0.00
2011.08.08 16:23:22.505,17.11024,17.1152,0.00,0.00
2011.08.08 16:23:22.595,17.11049,17.11496,0.00,0.00
2011.08.08 16:23:22.702,17.11022,17.11569,0.00,0.00
2011.08.08 16:23:22.923,17.11023,17.11619,0.00,0.00
2011.08.08 16:23:24.005,17.11073,17.11619,0.00,0.00
2011.08.08 16:23:24.940,17.11122,17.1162,0.00,0.00
2011.08.08 16:23:26.086,17.11169,17.11617,0.00,0.00
2011.08.08 16:23:27.644,17.11152,17.1165,0.00,0.00
2011.08.08 16:23:27.862,17.11166,17.11612,0.00,0.00
2011.08.08 16:23:28.835,17.11121,17.11617,0.00,0.00
2011.08.08 16:23:33.583,17.1112,17.11566,0.00,0.00
2011.08.08 16:23:33.693,17.11055,17.11551,0.00,0.00
2011.08.08 16:23:34.523,17.11033,17.11481,0.00,0.00
2011.08.08 16:23:35.212,17.10962,17.1148,0.00,0.00
2011.08.08 16:23:35.323,17.10914,17.11461,0.00,0.00
2011.08.08 16:23:35.433,17.10928,17.11374,0.00,0.00
2011.08.08 16:23:36.868,17.10808,17.1144,0.00,0.00
2011.08.08 16:23:36.974,17.10811,17.11429,0.00,0.00
2011.08.08 16:23:37.303,17.10946,17.1131,0.00,0.00
2011.08.08 16:23:37.884,17.10818,17.11414,0.00,0.00
2011.08.08 16:23:39.033,17.10763,17.11404,0.00,0.00
2011.08.08 16:23:39.255,17.10719,17.11317,0.00,0.00
2011.08.08 16:23:39.364,17.10616,17.11256,0.00,0.00
2011.08.08 16:23:40.203,17.1058,17.11178,0.00,0.00
2011.08.08 16:23:40.558,17.10597,17.11093,0.00,0.00
2011.08.08 16:23:40.663,17.10592,17.1109,0.00,0.00
2011.08.08 16:23:40.789,17.10589,17.11135,0.00,0.00
2011.08.08 16:23:41.878,17.10565,17.11205,0.00,0.00
2011.08.08 16:23:43.094,17.10579,17.11175,0.00,0.00
2011.08.08 16:23:43.814,17.10601,17.11097,0.00,0.00
2011.08.08 16:23:44.033,17.10547,17.11093,0.00,0.00
2011.08.08 16:23:44.535,17.10584,17.1098,0.00,0.00
2011.08.08 16:23:44.656,17.10476,17.11024,0.00,0.00
2011.08.08 16:23:44.874,17.10474,17.10972,0.00,0.00
2011.08.08 16:23:45.312,17.10472,17.10919,0.00,0.00
2011.08.08 16:23:46.188,17.10465,17.10861,0.00,0.00
2011.08.08 16:23:46.294,17.10377,17.10873,0.00,0.00
2011.08.08 16:23:46.403,17.10363,17.10809,0.00,0.00
2011.08.08 16:23:47.203,17.10312,17.1081,0.00,0.00
2011.08.08 16:23:47.327,17.1026,17.10858,0.00,0.00
2011.08.08 16:23:48.053,17.10291,17.10837,0.00,0.00
2011.08.08 16:23:48.162,17.1029,17.10886,0.00,0.00
2011.08.08 16:23:48.273,17.10326,17.10894,0.00,0.00
2011.08.08 16:23:48.701,17.1036,17.10856,0.00,0.00
2011.08.08 16:23:49.033,17.10374,17.1082,0.00,0.00
2011.08.08 16:23:49.143,17.10349,17.10845,0.00,0.00
2011.08.08 16:23:49.764,17.10305,17.10903,0.00,0.00
2011.08.08 16:23:50.453,17.10338,17.10884,0.00,0.00
2011.08.08 16:23:51.223,17.10326,17.10922,0.00,0.00
2011.08.08 16:23:51.335,17.10307,17.10947,0.00,0.00
2011.08.08 16:23:51.892,17.10316,17.10914,0.00,0.00
2011.08.08 16:23:52.492,17.10312,17.1091,0.00,0.00
2011.08.08 16:23:52.626,17.10304,17.10922,0.00,0.00
2011.08.08 16:23:52.734,17.10305,17.10901,0.00,0.00
2011.08.08 16:23:52.954,17.10298,17.10938,0.00,0.00
2011.08.08 16:23:53.174,17.10329,17.10947,0.00,0.00
2011.08.08 16:23:53.283,17.10314,17.10954,0.00,0.00
2011.08.08 16:23:53.794,17.10315,17.10913,0.00,0.00
2011.08.08 16:23:54.698,17.10351,17.10847,0.00,0.00
2011.08.08 16:23:55.003,17.10339,17.10885,0.00,0.00
2011.08.08 16:23:57.013,17.10344,17.1089,0.00,0.00
2011.08.08 16:23:57.704,17.10331,17.10827,0.00,0.00
2011.08.08 16:23:58.033,17.10254,17.10801,0.00,0.00
