2015.10.14 11:00:00.191,11.67271,11.67531,0.00,0.00
2015.10.14 11:00:00.292,11.67271,11.6755,0.00,0.00
2015.10.14 11:00:00.451,11.67271,11.6748,0.00,0.00
2015.10.14 11:00:00.552,11.67271,11.67491,0.00,0.00
2015.10.14 11:00:00.653,11.67271,11.67501,0.00,0.00
2015.10.14 11:00:00.862,11.67271,11.6748,0.00,0.00
2015.10.14 11:00:01.072,11.67172,11.67471,0.00,0.00
2015.10.14 11:00:01.262,11.67172,11.67451,0.00,0.00
2015.10.14 11:00:01.354,11.67172,11.67461,0.00,0.00
2015.10.14 11:00:01.676,11.67172,11.6745,0.00,0.00
2015.10.14 11:00:02.383,11.67172,11.67461,0.00,0.00
2015.10.14 11:00:02.884,11.67172,11.6746,0.00,0.00
2015.10.14 11:00:03.235,11.67172,11.67451,0.00,0.00
2015.10.14 11:00:03.895,11.67172,11.6745,0.00,0.00
2015.10.14 11:00:04.489,11.67172,11.67471,0.00,0.00
2015.10.14 11:00:05.026,11.67172,11.67461,0.00,0.00
2015.10.14 11:00:05.794,11.67172,11.67451,0.00,0.00
2015.10.14 11:00:06.696,11.67172,11.6744,0.00,0.00
2015.10.14 11:00:07.006,11.67172,11.6746,0.00,0.00
2015.10.14 11:00:07.140,11.67121,11.67461,0.00,0.00
2015.10.14 11:00:07.190,11.67121,11.67449,0.00,0.00
2015.10.14 11:00:07.616,11.67121,11.67341,0.00,0.00
2015.10.14 11:00:08.519,11.67071,11.67341,0.00,0.00
2015.10.14 11:00:09.103,11.67071,11.6734,0.00,0.00
2015.10.14 11:00:09.547,11.67071,11.67331,0.00,0.00
2015.10.14 11:00:10.098,11.67071,11.6733,0.00,0.00
2015.10.14 11:00:10.610,11.67071,11.67331,0.00,0.00
2015.10.14 11:00:11.111,11.67071,11.6733,0.00,0.00
2015.10.14 11:00:11.412,11.67071,11.6734,0.00,0.00
2015.10.14 11:00:11.513,11.67022,11.6724,0.00,0.00
2015.10.14 11:00:11.714,11.66942,11.6725,0.00,0.00
2015.10.14 11:00:11.765,11.66942,11.67242,0.00,0.00
2015.10.14 11:00:11.866,11.66942,11.67251,0.00,0.00
2015.10.14 11:00:12.221,11.66942,11.6724,0.00,0.00
2015.10.14 11:00:12.337,11.66942,11.67251,0.00,0.00
2015.10.14 11:00:12.438,11.66942,11.67231,0.00,0.00
2015.10.14 11:00:12.943,11.66942,11.67252,0.00,0.00
2015.10.14 11:00:13.447,11.66942,11.6725,0.00,0.00
2015.10.14 11:00:13.826,11.66942,11.6724,0.00,0.00
2015.10.14 11:00:15.729,11.66942,11.67241,0.00,0.00
2015.10.14 11:00:16.144,11.67091,11.67241,0.00,0.00
2015.10.14 11:00:16.198,11.67142,11.67442,0.00,0.00
2015.10.14 11:00:16.249,11.67191,11.67471,0.00,0.00
2015.10.14 11:00:16.482,11.67191,11.67501,0.00,0.00
2015.10.14 11:00:16.583,11.67191,11.67531,0.00,0.00
2015.10.14 11:00:16.739,11.67191,11.67512,0.00,0.00
2015.10.14 11:00:17.040,11.67191,11.67532,0.00,0.00
2015.10.14 11:00:17.532,11.67191,11.67452,0.00,0.00
2015.10.14 11:00:17.687,11.67191,11.67471,0.00,0.00
2015.10.14 11:00:17.842,11.67191,11.67482,0.00,0.00
2015.10.14 11:00:17.944,11.67191,11.67501,0.00,0.00
2015.10.14 11:00:18.088,11.67191,11.67471,0.00,0.00
2015.10.14 11:00:18.402,11.67142,11.67452,0.00,0.00
2015.10.14 11:00:18.453,11.67142,11.67481,0.00,0.00
2015.10.14 11:00:18.690,11.67142,11.67461,0.00,0.00
2015.10.14 11:00:19.395,11.67142,11.67482,0.00,0.00
2015.10.14 11:00:19.496,11.67142,11.67501,0.00,0.00
2015.10.14 11:00:19.597,11.67142,11.67482,0.00,0.00
2015.10.14 11:00:19.947,11.67191,11.67501,0.00,0.00
2015.10.14 11:00:20.248,11.67191,11.67472,0.00,0.00
2015.10.14 11:00:20.399,11.67191,11.67482,0.00,0.00
2015.10.14 11:00:20.451,11.67191,11.67462,0.00,0.00
2015.10.14 11:00:22.155,11.67191,11.67451,0.00,0.00
2015.10.14 11:00:23.119,11.67191,11.67462,0.00,0.00
2015.10.14 11:00:24.960,11.67191,11.67481,0.00,0.00
2015.10.14 11:00:25.060,11.67191,11.67472,0.00,0.00
2015.10.14 11:00:25.461,11.67191,11.67482,0.00,0.00
2015.10.14 11:00:25.561,11.67191,11.67501,0.00,0.00
2015.10.14 11:00:28.367,11.67191,11.67492,0.00,0.00
2015.10.14 11:00:28.468,11.67191,11.67501,0.00,0.00
2015.10.14 11:00:29.469,11.67191,11.67492,0.00,0.00
2015.10.14 11:00:29.790,11.67241,11.67542,0.00,0.00
2015.10.14 11:00:31.672,11.67241,11.67551,0.00,0.00
2015.10.14 11:00:32.978,11.67241,11.67532,0.00,0.00
2015.10.14 11:00:33.079,11.67241,11.67551,0.00,0.00
2015.10.14 11:00:33.395,11.67192,11.675,0.00,0.00
2015.10.14 11:00:33.741,11.67192,11.67448,0.00,0.00
2015.10.14 11:00:34.044,11.67091,11.67351,0.00,0.00
2015.10.14 11:00:34.265,11.67091,11.67362,0.00,0.00
2015.10.14 11:00:36.387,11.67091,11.67381,0.00,0.00
2015.10.14 11:00:36.825,11.67091,11.67372,0.00,0.00
2015.10.14 11:00:37.692,11.67091,11.67352,0.00,0.00
2015.10.14 11:00:39.099,11.67042,11.67352,0.00,0.00
2015.10.14 11:00:39.150,11.67042,11.6731,0.00,0.00
2015.10.14 11:00:39.452,11.67041,11.67281,0.00,0.00
2015.10.14 11:00:40.200,11.67041,11.67252,0.00,0.00
2015.10.14 11:00:40.251,11.66942,11.67252,0.00,0.00
2015.10.14 11:00:40.402,11.66941,11.67231,0.00,0.00
2015.10.14 11:00:40.797,11.66941,11.67242,0.00,0.00
2015.10.14 11:00:42.032,11.66941,11.67232,0.00,0.00
2015.10.14 11:00:42.332,11.66941,11.6725,0.00,0.00
2015.10.14 11:00:42.736,11.66891,11.6718,0.00,0.00
2015.10.14 11:00:42.837,11.66891,11.67201,0.00,0.00
2015.10.14 11:00:44.265,11.66841,11.67201,0.00,0.00
2015.10.14 11:00:44.316,11.66841,11.67151,0.00,0.00
2015.10.14 11:00:45.093,11.66841,11.6715,0.00,0.00
2015.10.14 11:00:45.601,11.66841,11.67142,0.00,0.00
2015.10.14 11:00:45.702,11.66792,11.67101,0.00,0.00
2015.10.14 11:00:46.209,11.66791,11.67101,0.00,0.00
2015.10.14 11:00:46.952,11.66799,11.67101,0.00,0.00
2015.10.14 11:00:47.010,11.66791,11.67101,0.00,0.00
2015.10.14 11:00:47.157,11.66799,11.67101,0.00,0.00
2015.10.14 11:00:47.211,11.66791,11.67101,0.00,0.00
2015.10.14 11:00:47.460,11.66779,11.67051,0.00,0.00
2015.10.14 11:00:47.561,11.66758,11.67051,0.00,0.00
2015.10.14 11:00:47.612,11.66741,11.67051,0.00,0.00
2015.10.14 11:00:48.779,11.66791,11.67051,0.00,0.00
2015.10.14 11:00:48.829,11.66791,11.6708,0.00,0.00
2015.10.14 11:00:48.880,11.66791,11.67099,0.00,0.00
2015.10.14 11:00:49.961,11.66791,11.6713,0.00,0.00
2015.10.14 11:00:50.230,11.66842,11.6713,0.00,0.00
2015.10.14 11:00:50.789,11.66842,11.67131,0.00,0.00
2015.10.14 11:00:51.170,11.66842,11.67081,0.00,0.00
2015.10.14 11:00:51.271,11.66842,11.67102,0.00,0.00
2015.10.14 11:00:51.570,11.66791,11.67102,0.00,0.00
2015.10.14 11:00:55.309,11.66841,11.67108,0.00,0.00
2015.10.14 11:00:55.359,11.66841,11.67149,0.00,0.00
2015.10.14 11:00:56.191,11.66841,11.67102,0.00,0.00
2015.10.14 11:00:56.641,11.66791,11.67102,0.00,0.00
2015.10.14 11:01:02.748,11.66791,11.67101,0.00,0.00
2015.10.14 11:01:03.643,11.66799,11.67109,0.00,0.00
2015.10.14 11:01:03.948,11.66842,11.6714,0.00,0.00
2015.10.14 11:01:05.171,11.66842,11.67141,0.00,0.00
2015.10.14 11:01:05.718,11.66842,11.6714,0.00,0.00
2015.10.14 11:01:06.298,11.66842,11.67141,0.00,0.00
2015.10.14 11:01:06.880,11.66842,11.6714,0.00,0.00
2015.10.14 11:01:07.382,11.66842,11.67141,0.00,0.00
2015.10.14 11:01:07.884,11.66842,11.6714,0.00,0.00
2015.10.14 11:01:07.948,11.66792,11.6714,0.00,0.00
2015.10.14 11:01:08.147,11.66808,11.67111,0.00,0.00
2015.10.14 11:01:08.198,11.66828,11.67152,0.00,0.00
2015.10.14 11:01:08.856,11.66808,11.67152,0.00,0.00
2015.10.14 11:01:08.957,11.66792,11.67152,0.00,0.00
2015.10.14 11:01:09.395,11.66842,11.67152,0.00,0.00
2015.10.14 11:01:10.458,11.66842,11.67142,0.00,0.00
2015.10.14 11:01:10.742,11.66791,11.67102,0.00,0.00
2015.10.14 11:01:17.424,11.66751,11.67051,0.00,0.00
2015.10.14 11:01:17.576,11.66741,11.67051,0.00,0.00
2015.10.14 11:01:21.570,11.66768,11.67069,0.00,0.00
2015.10.14 11:01:21.879,11.66841,11.6705,0.00,0.00
2015.10.14 11:01:22.257,11.66741,11.67052,0.00,0.00
2015.10.14 11:01:23.248,11.66841,11.67052,0.00,0.00
2015.10.14 11:01:23.349,11.66841,11.67101,0.00,0.00
2015.10.14 11:01:24.709,11.66791,11.67101,0.00,0.00
2015.10.14 11:01:27.608,11.66791,11.67108,0.00,0.00
2015.10.14 11:01:27.759,11.66842,11.67108,0.00,0.00
2015.10.14 11:01:27.810,11.66842,11.67142,0.00,0.00
2015.10.14 11:01:27.911,11.66842,11.67151,0.00,0.00
2015.10.14 11:01:29.808,11.66842,11.67102,0.00,0.00
2015.10.14 11:01:29.859,11.66791,11.67102,0.00,0.00
2015.10.14 11:01:30.061,11.66791,11.67052,0.00,0.00
2015.10.14 11:01:30.695,11.66791,11.67079,0.00,0.00
2015.10.14 11:01:30.746,11.66791,11.6709,0.00,0.00
2015.10.14 11:01:30.847,11.66818,11.67111,0.00,0.00
2015.10.14 11:01:30.897,11.66818,11.67151,0.00,0.00
2015.10.14 11:01:31.070,11.66791,11.67151,0.00,0.00
2015.10.14 11:01:31.171,11.66842,11.67151,0.00,0.00
2015.10.14 11:01:31.276,11.66842,11.67159,0.00,0.00
2015.10.14 11:01:31.327,11.66842,11.67171,0.00,0.00
2015.10.14 11:01:31.378,11.66842,11.67201,0.00,0.00
2015.10.14 11:01:32.588,11.66891,11.67201,0.00,0.00
2015.10.14 11:01:34.149,11.66891,11.67192,0.00,0.00
2015.10.14 11:01:35.134,11.66891,11.67201,0.00,0.00
2015.10.14 11:01:35.335,11.66891,11.67171,0.00,0.00
2015.10.14 11:01:35.636,11.66891,11.67191,0.00,0.00
2015.10.14 11:01:35.929,11.66941,11.67191,0.00,0.00
2015.10.14 11:01:35.979,11.66941,11.67221,0.00,0.00
2015.10.14 11:01:36.080,11.66941,11.67252,0.00,0.00
2015.10.14 11:01:37.540,11.66941,11.67251,0.00,0.00
2015.10.14 11:01:37.990,11.66892,11.67202,0.00,0.00
2015.10.14 11:01:38.550,11.66892,11.67191,0.00,0.00
2015.10.14 11:01:39.050,11.66892,11.67201,0.00,0.00
2015.10.14 11:01:39.789,11.66892,11.67202,0.00,0.00
2015.10.14 11:01:40.631,11.66942,11.67219,0.00,0.00
2015.10.14 11:01:40.682,11.66942,11.67252,0.00,0.00
2015.10.14 11:01:41.066,11.66942,11.67232,0.00,0.00
2015.10.14 11:01:41.747,11.66942,11.67241,0.00,0.00
2015.10.14 11:01:42.348,11.66942,11.67221,0.00,0.00
2015.10.14 11:01:43.395,11.66892,11.67242,0.00,0.00
2015.10.14 11:01:43.496,11.66891,11.67202,0.00,0.00
2015.10.14 11:01:43.940,11.66891,11.67192,0.00,0.00
2015.10.14 11:01:44.655,11.66891,11.67201,0.00,0.00
2015.10.14 11:01:44.706,11.66891,11.67152,0.00,0.00
2015.10.14 11:01:44.807,11.66841,11.67152,0.00,0.00
2015.10.14 11:01:47.763,11.66841,11.67102,0.00,0.00
2015.10.14 11:01:47.864,11.66792,11.67071,0.00,0.00
2015.10.14 11:01:47.965,11.66792,11.67052,0.00,0.00
2015.10.14 11:01:48.352,11.66718,11.67052,0.00,0.00
2015.10.14 11:01:48.403,11.66711,11.67052,0.00,0.00
2015.10.14 11:01:49.168,11.66711,11.67051,0.00,0.00
2015.10.14 11:01:49.670,11.66711,11.67052,0.00,0.00
2015.10.14 11:01:51.349,11.66741,11.67052,0.00,0.00
2015.10.14 11:01:51.400,11.66751,11.6708,0.00,0.00
2015.10.14 11:01:51.451,11.66751,11.67102,0.00,0.00
2015.10.14 11:01:51.501,11.66759,11.67102,0.00,0.00
2015.10.14 11:01:51.602,11.66751,11.67102,0.00,0.00
2015.10.14 11:01:51.913,11.66758,11.67102,0.00,0.00
2015.10.14 11:01:53.505,11.66751,11.67102,0.00,0.00
2015.10.14 11:01:53.977,11.66741,11.67098,0.00,0.00
2015.10.14 11:01:58.357,11.66759,11.67098,0.00,0.00
2015.10.14 11:01:58.408,11.66748,11.67098,0.00,0.00
2015.10.14 11:01:58.494,11.66741,11.67098,0.00,0.00
2015.10.14 11:01:59.066,11.66741,11.67099,0.00,0.00
2015.10.14 11:02:00.058,11.66741,11.67052,0.00,0.00
2015.10.14 11:02:00.210,11.66682,11.67038,0.00,0.00
2015.10.14 11:02:00.711,11.66691,11.67038,0.00,0.00
2015.10.14 11:02:01.046,11.66709,11.67038,0.00,0.00
2015.10.14 11:02:01.300,11.66699,11.67038,0.00,0.00
2015.10.14 11:02:02.835,11.66691,11.67038,0.00,0.00
2015.10.14 11:02:04.926,11.66709,11.67038,0.00,0.00
2015.10.14 11:02:05.632,11.66698,11.67038,0.00,0.00
2015.10.14 11:02:05.748,11.66691,11.67038,0.00,0.00
2015.10.14 11:02:06.066,11.66708,11.67038,0.00,0.00
2015.10.14 11:02:08.530,11.66781,11.67038,0.00,0.00
2015.10.14 11:02:08.581,11.66781,11.67081,0.00,0.00
2015.10.14 11:02:08.707,11.66769,11.67102,0.00,0.00
2015.10.14 11:02:08.758,11.66748,11.67102,0.00,0.00
2015.10.14 11:02:08.865,11.66742,11.67102,0.00,0.00
2015.10.14 11:02:08.916,11.66742,11.67089,0.00,0.00
2015.10.14 11:02:09.766,11.66748,11.67089,0.00,0.00
2015.10.14 11:02:10.331,11.6676,11.67089,0.00,0.00
2015.10.14 11:02:10.684,11.66742,11.67089,0.00,0.00
2015.10.14 11:02:11.205,11.66749,11.67089,0.00,0.00
2015.10.14 11:02:11.839,11.66742,11.67089,0.00,0.00
2015.10.14 11:02:13.341,11.66748,11.67089,0.00,0.00
2015.10.14 11:02:15.671,11.66742,11.67089,0.00,0.00
2015.10.14 11:02:15.946,11.66748,11.67089,0.00,0.00
2015.10.14 11:02:18.207,11.66748,11.67052,0.00,0.00
2015.10.14 11:02:18.258,11.66742,11.67049,0.00,0.00
2015.10.14 11:02:18.358,11.66699,11.67049,0.00,0.00
2015.10.14 11:02:18.790,11.66708,11.67049,0.00,0.00
2015.10.14 11:02:18.954,11.66699,11.67049,0.00,0.00
2015.10.14 11:02:19.186,11.66708,11.67049,0.00,0.00
2015.10.14 11:02:22.201,11.66698,11.67049,0.00,0.00
2015.10.14 11:02:24.203,11.66732,11.67052,0.00,0.00
2015.10.14 11:02:24.419,11.66742,11.67089,0.00,0.00
2015.10.14 11:02:24.959,11.66742,11.67088,0.00,0.00
2015.10.14 11:02:25.070,11.66748,11.67088,0.00,0.00
2015.10.14 11:02:25.466,11.66758,11.67088,0.00,0.00
2015.10.14 11:02:25.676,11.66781,11.67128,0.00,0.00
2015.10.14 11:02:25.875,11.66798,11.67129,0.00,0.00
2015.10.14 11:02:26.070,11.66781,11.67129,0.00,0.00
2015.10.14 11:02:31.226,11.66781,11.67121,0.00,0.00
2015.10.14 11:02:31.327,11.66781,11.67129,0.00,0.00
2015.10.14 11:02:31.649,11.66781,11.67101,0.00,0.00
2015.10.14 11:02:31.750,11.66758,11.67098,0.00,0.00
2015.10.14 11:02:31.959,11.66741,11.67098,0.00,0.00
2015.10.14 11:02:32.328,11.66758,11.67098,0.00,0.00
2015.10.14 11:02:32.795,11.66741,11.67098,0.00,0.00
2015.10.14 11:02:37.131,11.66768,11.67098,0.00,0.00
2015.10.14 11:02:37.295,11.66781,11.67129,0.00,0.00
2015.10.14 11:02:37.347,11.66781,11.67139,0.00,0.00
2015.10.14 11:02:37.737,11.66781,11.67131,0.00,0.00
2015.10.14 11:02:37.838,11.66781,11.67139,0.00,0.00
2015.10.14 11:02:39.199,11.66789,11.67139,0.00,0.00
2015.10.14 11:02:39.995,11.66781,11.67139,0.00,0.00
2015.10.14 11:02:40.096,11.66781,11.67132,0.00,0.00
2015.10.14 11:02:40.697,11.66781,11.67139,0.00,0.00
2015.10.14 11:02:41.369,11.66781,11.67078,0.00,0.00
2015.10.14 11:02:41.584,11.66692,11.67051,0.00,0.00
2015.10.14 11:02:42.400,11.66699,11.67051,0.00,0.00
2015.10.14 11:02:46.213,11.66692,11.67051,0.00,0.00
2015.10.14 11:02:46.530,11.66699,11.67051,0.00,0.00
2015.10.14 11:02:46.608,11.66691,11.67051,0.00,0.00
2015.10.14 11:02:47.009,11.66698,11.6705,0.00,0.00
2015.10.14 11:02:48.010,11.66728,11.6705,0.00,0.00
2015.10.14 11:02:48.348,11.6673,11.6705,0.00,0.00
2015.10.14 11:02:49.003,11.66729,11.67051,0.00,0.00
2015.10.14 11:02:52.924,11.6673,11.6705,0.00,0.00
2015.10.14 11:02:53.452,11.6673,11.67051,0.00,0.00
2015.10.14 11:02:53.754,11.66729,11.67041,0.00,0.00
2015.10.14 11:02:54.727,11.6673,11.6705,0.00,0.00
2015.10.14 11:02:56.317,11.66729,11.67051,0.00,0.00
2015.10.14 11:02:56.817,11.6673,11.6704,0.00,0.00
2015.10.14 11:02:57.367,11.66729,11.67041,0.00,0.00
2015.10.14 11:02:58.222,11.6673,11.6704,0.00,0.00
2015.10.14 11:02:59.003,11.66729,11.67041,0.00,0.00
2015.10.14 11:02:59.126,11.66729,11.67051,0.00,0.00
2015.10.14 11:02:59.355,11.66738,11.67051,0.00,0.00
2015.10.14 11:02:59.676,11.66738,11.67032,0.00,0.00
2015.10.14 11:03:00.239,11.6673,11.67032,0.00,0.00
2015.10.14 11:03:00.329,11.6673,11.6701,0.00,0.00
2015.10.14 11:03:00.430,11.66739,11.67032,0.00,0.00
2015.10.14 11:03:00.531,11.66748,11.67081,0.00,0.00
2015.10.14 11:03:00.715,11.66768,11.67081,0.00,0.00
2015.10.14 11:03:00.946,11.66749,11.67081,0.00,0.00
2015.10.14 11:03:01.031,11.66769,11.67081,0.00,0.00
2015.10.14 11:03:01.749,11.66758,11.67081,0.00,0.00
2015.10.14 11:03:02.144,11.66788,11.67118,0.00,0.00
2015.10.14 11:03:02.245,11.66808,11.67132,0.00,0.00
2015.10.14 11:03:02.564,11.66818,11.67132,0.00,0.00
2015.10.14 11:03:02.866,11.66799,11.67132,0.00,0.00
2015.10.14 11:03:03.375,11.66818,11.67132,0.00,0.00
2015.10.14 11:03:04.054,11.66809,11.67132,0.00,0.00
2015.10.14 11:03:05.200,11.66838,11.67159,0.00,0.00
2015.10.14 11:03:05.251,11.66838,11.67182,0.00,0.00
2015.10.14 11:03:05.301,11.66841,11.67182,0.00,0.00
2015.10.14 11:03:08.060,11.66888,11.67209,0.00,0.00
2015.10.14 11:03:08.111,11.66888,11.67232,0.00,0.00
2015.10.14 11:03:08.162,11.66899,11.67232,0.00,0.00
2015.10.14 11:03:08.567,11.66891,11.67232,0.00,0.00
2015.10.14 11:03:08.668,11.66898,11.67232,0.00,0.00
2015.10.14 11:03:08.950,11.66891,11.67232,0.00,0.00
2015.10.14 11:03:09.051,11.66899,11.67232,0.00,0.00
2015.10.14 11:03:09.333,11.66941,11.67279,0.00,0.00
2015.10.14 11:03:09.434,11.66941,11.67282,0.00,0.00
2015.10.14 11:03:09.602,11.66941,11.67231,0.00,0.00
2015.10.14 11:03:09.703,11.66891,11.67231,0.00,0.00
2015.10.14 11:03:10.891,11.66898,11.67231,0.00,0.00
2015.10.14 11:03:10.955,11.66892,11.67231,0.00,0.00
2015.10.14 11:03:11.857,11.66891,11.67231,0.00,0.00
2015.10.14 11:03:11.908,11.66898,11.67231,0.00,0.00
2015.10.14 11:03:11.959,11.66891,11.67231,0.00,0.00
2015.10.14 11:03:15.334,11.66899,11.67231,0.00,0.00
2015.10.14 11:03:15.575,11.66891,11.67231,0.00,0.00
2015.10.14 11:03:20.590,11.66909,11.67231,0.00,0.00
2015.10.14 11:03:20.921,11.66918,11.67231,0.00,0.00
2015.10.14 11:03:21.375,11.66908,11.67231,0.00,0.00
2015.10.14 11:03:22.191,11.66918,11.67231,0.00,0.00
2015.10.14 11:03:22.677,11.66908,11.67231,0.00,0.00
2015.10.14 11:03:26.083,11.66928,11.67231,0.00,0.00
2015.10.14 11:03:26.518,11.66908,11.67231,0.00,0.00
2015.10.14 11:03:26.985,11.669,11.67231,0.00,0.00
2015.10.14 11:03:27.063,11.66891,11.67231,0.00,0.00
2015.10.14 11:03:27.429,11.66898,11.67231,0.00,0.00
2015.10.14 11:03:28.488,11.66891,11.67231,0.00,0.00
2015.10.14 11:03:29.589,11.66898,11.67231,0.00,0.00
2015.10.14 11:03:29.760,11.66941,11.67278,0.00,0.00
2015.10.14 11:03:29.810,11.66949,11.67282,0.00,0.00
2015.10.14 11:03:30.131,11.66989,11.67329,0.00,0.00
2015.10.14 11:03:30.232,11.66998,11.67329,0.00,0.00
2015.10.14 11:03:30.586,11.67008,11.67329,0.00,0.00
2015.10.14 11:03:30.891,11.66998,11.67329,0.00,0.00
2015.10.14 11:03:30.992,11.67019,11.67331,0.00,0.00
2015.10.14 11:03:31.246,11.67039,11.67359,0.00,0.00
2015.10.14 11:03:31.296,11.67052,11.67359,0.00,0.00
2015.10.14 11:03:31.347,11.67052,11.67381,0.00,0.00
2015.10.14 11:03:34.376,11.67101,11.67409,0.00,0.00
2015.10.14 11:03:34.426,11.67101,11.67432,0.00,0.00
2015.10.14 11:03:35.944,11.67109,11.67432,0.00,0.00
2015.10.14 11:03:37.551,11.67101,11.67432,0.00,0.00
2015.10.14 11:03:37.652,11.67119,11.67432,0.00,0.00
2015.10.14 11:03:38.153,11.67109,11.67432,0.00,0.00
2015.10.14 11:03:38.254,11.67101,11.67432,0.00,0.00
2015.10.14 11:03:38.676,11.67152,11.67432,0.00,0.00
2015.10.14 11:03:38.727,11.67152,11.67482,0.00,0.00
2015.10.14 11:03:39.106,11.67159,11.67482,0.00,0.00
2015.10.14 11:03:39.207,11.67189,11.67521,0.00,0.00
2015.10.14 11:03:39.258,11.67208,11.67531,0.00,0.00
2015.10.14 11:03:39.557,11.67198,11.67531,0.00,0.00
2015.10.14 11:03:39.859,11.67209,11.67531,0.00,0.00
2015.10.14 11:03:39.960,11.67198,11.67531,0.00,0.00
2015.10.14 11:03:40.011,11.67202,11.67531,0.00,0.00
2015.10.14 11:03:41.118,11.67229,11.67531,0.00,0.00
2015.10.14 11:03:41.262,11.67202,11.67531,0.00,0.00
2015.10.14 11:03:41.313,11.67219,11.67531,0.00,0.00
2015.10.14 11:03:41.414,11.67202,11.67531,0.00,0.00
2015.10.14 11:03:41.774,11.67218,11.67531,0.00,0.00
2015.10.14 11:03:41.824,11.67202,11.67531,0.00,0.00
2015.10.14 11:03:43.427,11.67209,11.67531,0.00,0.00
2015.10.14 11:03:45.540,11.67202,11.67531,0.00,0.00
2015.10.14 11:03:47.241,11.67208,11.67531,0.00,0.00
2015.10.14 11:03:47.905,11.67251,11.67531,0.00,0.00
2015.10.14 11:03:48.229,11.67292,11.67541,0.00,0.00
2015.10.14 11:03:48.280,11.67251,11.67571,0.00,0.00
2015.10.14 11:03:48.330,11.67251,11.67531,0.00,0.00
2015.10.14 11:03:49.183,11.67268,11.67561,0.00,0.00
2015.10.14 11:03:50.363,11.67268,11.6756,0.00,0.00
2015.10.14 11:03:51.101,11.67268,11.67571,0.00,0.00
2015.10.14 11:03:51.922,11.67268,11.6757,0.00,0.00
2015.10.14 11:03:52.572,11.67268,11.67571,0.00,0.00
2015.10.14 11:03:53.293,11.67268,11.6757,0.00,0.00
2015.10.14 11:03:54.189,11.67268,11.67571,0.00,0.00
2015.10.14 11:03:55.370,11.67268,11.67561,0.00,0.00
2015.10.14 11:03:56.037,11.67268,11.6756,0.00,0.00
2015.10.14 11:03:56.988,11.67268,11.67551,0.00,0.00
2015.10.14 11:03:57.093,11.67268,11.6758,0.00,0.00
2015.10.14 11:03:57.692,11.67268,11.67581,0.00,0.00
2015.10.14 11:03:59.096,11.67268,11.6758,0.00,0.00
2015.10.14 11:03:59.371,11.67268,11.67561,0.00,0.00
2015.10.14 11:03:59.699,11.67268,11.6757,0.00,0.00
2015.10.14 11:04:00.000,11.67268,11.6756,0.00,0.00
2015.10.14 11:04:00.601,11.67268,11.67571,0.00,0.00
2015.10.14 11:04:00.866,11.67268,11.67561,0.00,0.00
2015.10.14 11:04:01.146,11.67268,11.6757,0.00,0.00
2015.10.14 11:04:02.154,11.67268,11.67551,0.00,0.00
2015.10.14 11:04:03.258,11.67268,11.67571,0.00,0.00
2015.10.14 11:04:03.310,11.67268,11.67591,0.00,0.00
2015.10.14 11:04:03.492,11.67268,11.67581,0.00,0.00
2015.10.14 11:04:04.113,11.67268,11.6758,0.00,0.00
2015.10.14 11:04:04.496,11.67268,11.6756,0.00,0.00
2015.10.14 11:04:04.816,11.67268,11.6755,0.00,0.00
2015.10.14 11:04:05.341,11.67268,11.67571,0.00,0.00
2015.10.14 11:04:05.844,11.67268,11.6757,0.00,0.00
2015.10.14 11:04:06.388,11.67268,11.67571,0.00,0.00
2015.10.14 11:04:06.439,11.67268,11.67561,0.00,0.00
2015.10.14 11:04:07.473,11.67239,11.67432,0.00,0.00
2015.10.14 11:04:07.524,11.67201,11.67432,0.00,0.00
2015.10.14 11:04:11.177,11.67201,11.67332,0.00,0.00
2015.10.14 11:04:11.227,11.67182,11.67332,0.00,0.00
2015.10.14 11:04:11.278,11.67188,11.67332,0.00,0.00
2015.10.14 11:04:11.329,11.67188,11.67431,0.00,0.00
2015.10.14 11:04:11.379,11.67218,11.67431,0.00,0.00
2015.10.14 11:04:11.682,11.67228,11.67431,0.00,0.00
2015.10.14 11:04:12.988,11.67219,11.67431,0.00,0.00
2015.10.14 11:04:13.290,11.67228,11.67431,0.00,0.00
2015.10.14 11:04:14.187,11.67219,11.67431,0.00,0.00
2015.10.14 11:04:21.192,11.67239,11.67431,0.00,0.00
2015.10.14 11:04:22.126,11.67218,11.67431,0.00,0.00
2015.10.14 11:04:23.234,11.67238,11.67431,0.00,0.00
2015.10.14 11:04:25.202,11.67229,11.67431,0.00,0.00
2015.10.14 11:04:28.643,11.67218,11.67431,0.00,0.00
2015.10.14 11:04:32.310,11.67259,11.67482,0.00,0.00
2015.10.14 11:04:32.410,11.67282,11.67482,0.00,0.00
2015.10.14 11:04:32.569,11.67318,11.67532,0.00,0.00
2015.10.14 11:04:32.670,11.67288,11.67532,0.00,0.00
2015.10.14 11:04:32.721,11.67329,11.67532,0.00,0.00
2015.10.14 11:04:32.957,11.67309,11.67532,0.00,0.00
2015.10.14 11:04:33.121,11.67288,11.67532,0.00,0.00
2015.10.14 11:04:33.360,11.67309,11.67532,0.00,0.00
2015.10.14 11:04:33.963,11.67328,11.67532,0.00,0.00
2015.10.14 11:04:35.267,11.67309,11.67532,0.00,0.00
2015.10.14 11:04:35.325,11.67328,11.67532,0.00,0.00
2015.10.14 11:04:35.626,11.67309,11.67532,0.00,0.00
2015.10.14 11:04:35.788,11.67328,11.67532,0.00,0.00
2015.10.14 11:04:36.938,11.67308,11.67532,0.00,0.00
2015.10.14 11:04:37.073,11.67308,11.67542,0.00,0.00
2015.10.14 11:04:38.832,11.67329,11.67542,0.00,0.00
2015.10.14 11:04:39.934,11.67351,11.67542,0.00,0.00
2015.10.14 11:04:40.035,11.67381,11.67592,0.00,0.00
2015.10.14 11:04:40.085,11.67501,11.67601,0.00,0.00
2015.10.14 11:04:40.136,11.67501,11.67641,0.00,0.00
2015.10.14 11:04:45.208,11.67442,11.67552,0.00,0.00
2015.10.14 11:04:45.259,11.67411,11.67542,0.00,0.00
2015.10.14 11:04:45.360,11.67361,11.67541,0.00,0.00
2015.10.14 11:04:46.092,11.67361,11.67561,0.00,0.00
2015.10.14 11:04:46.796,11.67401,11.67561,0.00,0.00
2015.10.14 11:04:47.268,11.6744,11.67662,0.00,0.00
2015.10.14 11:04:47.439,11.67491,11.67662,0.00,0.00
2015.10.14 11:04:59.904,11.67491,11.67712,0.00,0.00
2015.10.14 11:05:00.005,11.67542,11.67712,0.00,0.00
2015.10.14 11:05:00.106,11.67501,11.67712,0.00,0.00
2015.10.14 11:05:00.605,11.67542,11.67712,0.00,0.00
2015.10.14 11:05:00.657,11.67541,11.67762,0.00,0.00
2015.10.14 11:05:00.758,11.67581,11.67762,0.00,0.00
2015.10.14 11:05:33.048,11.67581,11.67832,0.00,0.00
2015.10.14 11:05:40.234,11.67562,11.67832,0.00,0.00
2015.10.14 11:05:42.365,11.67561,11.67832,0.00,0.00
2015.10.14 11:05:51.692,11.67589,11.67832,0.00,0.00
2015.10.14 11:05:51.743,11.67641,11.67931,0.00,0.00
2015.10.14 11:05:51.794,11.67672,11.67931,0.00,0.00
2015.10.14 11:05:52.312,11.67672,11.67932,0.00,0.00
2015.10.14 11:05:52.795,11.67701,11.67932,0.00,0.00
2015.10.14 11:05:52.845,11.67701,11.67951,0.00,0.00
2015.10.14 11:05:52.896,11.67701,11.67981,0.00,0.00
2015.10.14 11:05:54.372,11.67701,11.6801,0.00,0.00
2015.10.14 11:05:54.473,11.67701,11.67999,0.00,0.00
2015.10.14 11:05:54.779,11.67662,11.67932,0.00,0.00
2015.10.14 11:05:55.274,11.67662,11.67982,0.00,0.00
2015.10.14 11:05:55.325,11.67702,11.67982,0.00,0.00
2015.10.14 11:05:56.027,11.67702,11.68021,0.00,0.00
2015.10.14 11:05:56.078,11.67741,11.68021,0.00,0.00
2015.10.14 11:05:56.254,11.67741,11.68032,0.00,0.00
2015.10.14 11:05:59.608,11.67752,11.68032,0.00,0.00
2015.10.14 11:05:59.831,11.67752,11.68071,0.00,0.00
2015.10.14 11:05:59.882,11.67792,11.68082,0.00,0.00
2015.10.14 11:06:00.207,11.67792,11.68102,0.00,0.00
2015.10.14 11:06:00.261,11.67821,11.68102,0.00,0.00
2015.10.14 11:06:00.441,11.67821,11.68132,0.00,0.00
2015.10.14 11:06:02.812,11.67821,11.68131,0.00,0.00
2015.10.14 11:06:03.420,11.67821,11.68132,0.00,0.00
2015.10.14 11:06:06.769,11.67821,11.6812,0.00,0.00
2015.10.14 11:06:06.870,11.67821,11.68132,0.00,0.00
2015.10.14 11:06:14.789,11.67801,11.68132,0.00,0.00
2015.10.14 11:06:18.568,11.67801,11.6809,0.00,0.00
2015.10.14 11:06:18.674,11.67769,11.6806,0.00,0.00
2015.10.14 11:06:18.784,11.67751,11.68051,0.00,0.00
2015.10.14 11:06:18.921,11.67751,11.68031,0.00,0.00
2015.10.14 11:06:19.223,11.67751,11.68022,0.00,0.00
2015.10.14 11:06:19.430,11.67751,11.68032,0.00,0.00
2015.10.14 11:06:19.964,11.67711,11.68032,0.00,0.00
2015.10.14 11:06:21.074,11.67718,11.68032,0.00,0.00
2015.10.14 11:06:22.104,11.67718,11.67982,0.00,0.00
2015.10.14 11:06:22.154,11.67699,11.67982,0.00,0.00
2015.10.14 11:06:22.255,11.67681,11.67982,0.00,0.00
2015.10.14 11:06:22.306,11.67689,11.6803,0.00,0.00
2015.10.14 11:06:22.558,11.67709,11.68031,0.00,0.00
2015.10.14 11:06:22.951,11.67689,11.68031,0.00,0.00
2015.10.14 11:06:23.133,11.67711,11.68031,0.00,0.00
2015.10.14 11:06:29.374,11.67711,11.67932,0.00,0.00
2015.10.14 11:06:29.425,11.67681,11.67932,0.00,0.00
2015.10.14 11:06:29.476,11.6763,11.67932,0.00,0.00
2015.10.14 11:06:29.527,11.67622,11.67932,0.00,0.00
2015.10.14 11:06:30.489,11.67639,11.67932,0.00,0.00
2015.10.14 11:06:31.465,11.67622,11.67932,0.00,0.00
2015.10.14 11:06:31.566,11.67639,11.67932,0.00,0.00
2015.10.14 11:06:32.166,11.67622,11.67932,0.00,0.00
2015.10.14 11:06:33.281,11.67638,11.67932,0.00,0.00
2015.10.14 11:06:33.382,11.67622,11.67932,0.00,0.00
2015.10.14 11:06:35.171,11.67639,11.67932,0.00,0.00
2015.10.14 11:06:35.370,11.67622,11.67932,0.00,0.00
2015.10.14 11:06:35.471,11.67638,11.67932,0.00,0.00
2015.10.14 11:06:36.455,11.67622,11.67932,0.00,0.00
2015.10.14 11:06:36.505,11.67639,11.67932,0.00,0.00
2015.10.14 11:06:37.075,11.67622,11.67932,0.00,0.00
2015.10.14 11:06:37.176,11.67649,11.67932,0.00,0.00
2015.10.14 11:06:38.119,11.67628,11.67932,0.00,0.00
2015.10.14 11:06:38.220,11.67622,11.67932,0.00,0.00
2015.10.14 11:06:40.383,11.67628,11.67932,0.00,0.00
2015.10.14 11:06:40.485,11.67622,11.67932,0.00,0.00
2015.10.14 11:06:44.484,11.67638,11.67932,0.00,0.00
2015.10.14 11:06:45.309,11.67622,11.67932,0.00,0.00
2015.10.14 11:06:46.888,11.67639,11.67932,0.00,0.00
2015.10.14 11:06:47.308,11.67622,11.67932,0.00,0.00
2015.10.14 11:06:48.113,11.67618,11.67932,0.00,0.00
2015.10.14 11:06:49.231,11.67609,11.67932,0.00,0.00
2015.10.14 11:06:49.332,11.67619,11.67932,0.00,0.00
2015.10.14 11:06:49.790,11.67638,11.67932,0.00,0.00
2015.10.14 11:06:50.770,11.6764,11.67932,0.00,0.00
2015.10.14 11:06:51.171,11.67659,11.67932,0.00,0.00
2015.10.14 11:06:51.272,11.67681,11.67981,0.00,0.00
2015.10.14 11:06:51.323,11.67718,11.67981,0.00,0.00
2015.10.14 11:06:51.373,11.67718,11.68032,0.00,0.00
2015.10.14 11:06:52.597,11.67701,11.68032,0.00,0.00
2015.10.14 11:06:53.398,11.67719,11.68032,0.00,0.00
2015.10.14 11:06:54.010,11.67708,11.68032,0.00,0.00
2015.10.14 11:06:54.100,11.67719,11.68032,0.00,0.00
2015.10.14 11:06:54.836,11.67708,11.68032,0.00,0.00
2015.10.14 11:06:56.741,11.67701,11.68032,0.00,0.00
2015.10.14 11:06:57.304,11.67708,11.68032,0.00,0.00
2015.10.14 11:06:57.897,11.6771,11.68032,0.00,0.00
2015.10.14 11:06:58.236,11.67691,11.67982,0.00,0.00
2015.10.14 11:06:58.286,11.67689,11.68031,0.00,0.00
2015.10.14 11:06:58.998,11.67689,11.6803,0.00,0.00
2015.10.14 11:06:59.453,11.67701,11.6803,0.00,0.00
2015.10.14 11:07:01.609,11.67701,11.68031,0.00,0.00
2015.10.14 11:07:02.398,11.67708,11.68031,0.00,0.00
2015.10.14 11:07:03.232,11.67701,11.67981,0.00,0.00
2015.10.14 11:07:03.334,11.67652,11.67981,0.00,0.00
2015.10.14 11:07:03.615,11.67678,11.67981,0.00,0.00
2015.10.14 11:07:04.637,11.67658,11.67981,0.00,0.00
2015.10.14 11:07:06.043,11.67688,11.67981,0.00,0.00
2015.10.14 11:07:06.094,11.67701,11.68028,0.00,0.00
2015.10.14 11:07:06.195,11.67701,11.68032,0.00,0.00
2015.10.14 11:07:07.383,11.67701,11.68031,0.00,0.00
2015.10.14 11:07:07.433,11.67701,11.67981,0.00,0.00
2015.10.14 11:07:07.484,11.67679,11.67971,0.00,0.00
2015.10.14 11:07:07.590,11.67639,11.6796,0.00,0.00
2015.10.14 11:07:07.641,11.67648,11.67932,0.00,0.00
2015.10.14 11:07:07.969,11.67659,11.67932,0.00,0.00
2015.10.14 11:07:08.725,11.67638,11.67932,0.00,0.00
2015.10.14 11:07:09.228,11.67678,11.67932,0.00,0.00
2015.10.14 11:07:10.129,11.67658,11.67932,0.00,0.00
2015.10.14 11:07:10.230,11.67638,11.67932,0.00,0.00
2015.10.14 11:07:10.631,11.67658,11.67932,0.00,0.00
2015.10.14 11:07:10.732,11.67638,11.67932,0.00,0.00
2015.10.14 11:07:11.353,11.67658,11.67932,0.00,0.00
2015.10.14 11:07:11.943,11.67668,11.67932,0.00,0.00
2015.10.14 11:07:12.134,11.67658,11.67932,0.00,0.00
2015.10.14 11:07:12.235,11.67668,11.67932,0.00,0.00
2015.10.14 11:07:17.048,11.67648,11.67932,0.00,0.00
2015.10.14 11:07:17.144,11.67628,11.67932,0.00,0.00
2015.10.14 11:07:19.148,11.67658,11.67932,0.00,0.00
2015.10.14 11:07:22.998,11.67638,11.67932,0.00,0.00
2015.10.14 11:07:24.357,11.67648,11.67932,0.00,0.00
2015.10.14 11:07:24.557,11.67638,11.67932,0.00,0.00
2015.10.14 11:07:25.659,11.67648,11.67932,0.00,0.00
2015.10.14 11:07:27.396,11.67668,11.67932,0.00,0.00
2015.10.14 11:07:27.762,11.67648,11.67932,0.00,0.00
2015.10.14 11:07:28.178,11.67639,11.67932,0.00,0.00
2015.10.14 11:07:30.095,11.67649,11.67932,0.00,0.00
2015.10.14 11:07:32.692,11.67649,11.67931,0.00,0.00
2015.10.14 11:07:33.419,11.67668,11.67931,0.00,0.00
2015.10.14 11:07:35.475,11.67648,11.67931,0.00,0.00
2015.10.14 11:07:35.576,11.67628,11.67931,0.00,0.00
2015.10.14 11:07:37.814,11.67648,11.67931,0.00,0.00
2015.10.14 11:07:38.383,11.67668,11.67931,0.00,0.00
2015.10.14 11:07:39.126,11.67648,11.67931,0.00,0.00
2015.10.14 11:07:40.230,11.67702,11.68021,0.00,0.00
2015.10.14 11:07:40.282,11.67702,11.67931,0.00,0.00
2015.10.14 11:07:40.634,11.67702,11.67982,0.00,0.00
2015.10.14 11:07:41.472,11.67668,11.67982,0.00,0.00
2015.10.14 11:07:42.789,11.67659,11.67982,0.00,0.00
2015.10.14 11:07:42.890,11.67708,11.67982,0.00,0.00
2015.10.14 11:07:42.940,11.67708,11.68032,0.00,0.00
2015.10.14 11:07:42.991,11.67718,11.68032,0.00,0.00
2015.10.14 11:07:44.392,11.67702,11.68032,0.00,0.00
2015.10.14 11:07:47.449,11.67702,11.68031,0.00,0.00
2015.10.14 11:07:47.499,11.67719,11.68031,0.00,0.00
2015.10.14 11:07:48.149,11.67719,11.6803,0.00,0.00
2015.10.14 11:07:48.509,11.67719,11.68032,0.00,0.00
2015.10.14 11:07:48.709,11.67702,11.68032,0.00,0.00
2015.10.14 11:07:48.998,11.67719,11.68032,0.00,0.00
2015.10.14 11:07:49.699,11.67702,11.68032,0.00,0.00
2015.10.14 11:07:50.000,11.67709,11.68032,0.00,0.00
2015.10.14 11:07:50.306,11.67702,11.68032,0.00,0.00
2015.10.14 11:07:50.524,11.67709,11.68032,0.00,0.00
2015.10.14 11:07:50.701,11.67702,11.68032,0.00,0.00
2015.10.14 11:07:50.901,11.67708,11.68032,0.00,0.00
2015.10.14 11:07:51.102,11.67702,11.68032,0.00,0.00
2015.10.14 11:07:51.302,11.67728,11.68032,0.00,0.00
2015.10.14 11:07:51.532,11.67709,11.68032,0.00,0.00
2015.10.14 11:07:54.509,11.67702,11.68032,0.00,0.00
2015.10.14 11:07:55.945,11.67718,11.68032,0.00,0.00
2015.10.14 11:07:56.715,11.67702,11.68032,0.00,0.00
2015.10.14 11:07:57.023,11.67719,11.68032,0.00,0.00
2015.10.14 11:08:00.157,11.67702,11.68032,0.00,0.00
2015.10.14 11:08:00.901,11.67759,11.68032,0.00,0.00
2015.10.14 11:08:01.075,11.67739,11.68081,0.00,0.00
2015.10.14 11:08:01.126,11.67759,11.68081,0.00,0.00
2015.10.14 11:08:01.496,11.67798,11.68091,0.00,0.00
2015.10.14 11:08:02.262,11.67801,11.68091,0.00,0.00
2015.10.14 11:08:02.943,11.67801,11.6809,0.00,0.00
2015.10.14 11:08:03.502,11.67801,11.68091,0.00,0.00
2015.10.14 11:08:04.438,11.67809,11.68091,0.00,0.00
2015.10.14 11:08:04.747,11.67801,11.68091,0.00,0.00
2015.10.14 11:08:05.254,11.67801,11.6809,0.00,0.00
2015.10.14 11:08:06.721,11.67801,11.68091,0.00,0.00
2015.10.14 11:08:07.330,11.67801,11.6809,0.00,0.00
2015.10.14 11:08:07.772,11.67809,11.6809,0.00,0.00
2015.10.14 11:08:07.873,11.67801,11.68091,0.00,0.00
2015.10.14 11:08:09.832,11.67801,11.6809,0.00,0.00
2015.10.14 11:08:10.309,11.67818,11.6809,0.00,0.00
2015.10.14 11:08:11.023,11.67818,11.68091,0.00,0.00
2015.10.14 11:08:11.667,11.67809,11.68091,0.00,0.00
2015.10.14 11:08:14.157,11.67809,11.6809,0.00,0.00
2015.10.14 11:08:14.208,11.67801,11.6809,0.00,0.00
2015.10.14 11:08:14.558,11.67819,11.6809,0.00,0.00
2015.10.14 11:08:16.164,11.67801,11.6809,0.00,0.00
2015.10.14 11:08:16.665,11.67801,11.68091,0.00,0.00
2015.10.14 11:08:17.412,11.67801,11.6809,0.00,0.00
2015.10.14 11:08:19.184,11.67801,11.68091,0.00,0.00
2015.10.14 11:08:19.685,11.67902,11.68202,0.00,0.00
2015.10.14 11:08:19.885,11.67902,11.68182,0.00,0.00
2015.10.14 11:08:20.651,11.67902,11.68209,0.00,0.00
2015.10.14 11:08:20.702,11.67902,11.68222,0.00,0.00
2015.10.14 11:08:21.404,11.67902,11.68211,0.00,0.00
2015.10.14 11:08:21.472,11.67902,11.68231,0.00,0.00
2015.10.14 11:08:21.672,11.67902,11.68211,0.00,0.00
2015.10.14 11:08:22.073,11.67902,11.68221,0.00,0.00
2015.10.14 11:08:23.727,11.67902,11.68211,0.00,0.00
2015.10.14 11:08:23.931,11.67919,11.68231,0.00,0.00
2015.10.14 11:08:24.032,11.67902,11.68231,0.00,0.00
2015.10.14 11:08:26.261,11.67902,11.68182,0.00,0.00
2015.10.14 11:08:26.362,11.67862,11.68151,0.00,0.00
2015.10.14 11:08:26.463,11.67852,11.68151,0.00,0.00
2015.10.14 11:08:26.513,11.67852,11.68131,0.00,0.00
2015.10.14 11:08:27.031,11.67852,11.6813,0.00,0.00
2015.10.14 11:08:27.121,11.67789,11.6813,0.00,0.00
2015.10.14 11:08:27.172,11.67781,11.68082,0.00,0.00
2015.10.14 11:08:27.449,11.67751,11.68082,0.00,0.00
2015.10.14 11:08:27.584,11.67758,11.68082,0.00,0.00
2015.10.14 11:08:27.787,11.67751,11.68082,0.00,0.00
2015.10.14 11:08:28.386,11.67768,11.68082,0.00,0.00
2015.10.14 11:08:28.690,11.67751,11.68082,0.00,0.00
2015.10.14 11:08:29.090,11.67768,11.68082,0.00,0.00
2015.10.14 11:08:29.442,11.67768,11.68071,0.00,0.00
2015.10.14 11:08:29.593,11.67709,11.68031,0.00,0.00
2015.10.14 11:08:29.695,11.67701,11.68031,0.00,0.00
2015.10.14 11:08:30.194,11.67718,11.68031,0.00,0.00
2015.10.14 11:08:31.409,11.67701,11.68031,0.00,0.00
2015.10.14 11:08:31.697,11.67718,11.68031,0.00,0.00
2015.10.14 11:08:33.418,11.67701,11.68031,0.00,0.00
2015.10.14 11:08:35.031,11.67701,11.6803,0.00,0.00
2015.10.14 11:08:35.102,11.67718,11.6803,0.00,0.00
2015.10.14 11:08:35.203,11.67701,11.6803,0.00,0.00
2015.10.14 11:08:35.532,11.67709,11.6803,0.00,0.00
2015.10.14 11:08:36.289,11.67709,11.68031,0.00,0.00
2015.10.14 11:08:36.699,11.67728,11.68031,0.00,0.00
2015.10.14 11:08:36.751,11.67709,11.68031,0.00,0.00
2015.10.14 11:08:36.937,11.67728,11.68031,0.00,0.00
2015.10.14 11:08:37.348,11.67708,11.68031,0.00,0.00
2015.10.14 11:08:40.545,11.67729,11.68031,0.00,0.00
2015.10.14 11:08:41.210,11.67709,11.68031,0.00,0.00
2015.10.14 11:08:41.852,11.67729,11.68031,0.00,0.00
2015.10.14 11:08:47.320,11.67718,11.68031,0.00,0.00
2015.10.14 11:08:50.373,11.67701,11.68031,0.00,0.00
2015.10.14 11:08:50.474,11.67718,11.68031,0.00,0.00
2015.10.14 11:08:50.526,11.67701,11.68031,0.00,0.00
2015.10.14 11:08:51.096,11.67701,11.6803,0.00,0.00
2015.10.14 11:08:51.147,11.67718,11.6803,0.00,0.00
2015.10.14 11:08:51.248,11.67701,11.6803,0.00,0.00
2015.10.14 11:08:51.349,11.67719,11.68031,0.00,0.00
2015.10.14 11:08:52.190,11.67719,11.6803,0.00,0.00
2015.10.14 11:08:52.803,11.67719,11.68031,0.00,0.00
2015.10.14 11:08:58.239,11.67701,11.68031,0.00,0.00
2015.10.14 11:08:58.640,11.67708,11.68031,0.00,0.00
2015.10.14 11:09:00.557,11.67728,11.68031,0.00,0.00
2015.10.14 11:09:02.684,11.67748,11.68031,0.00,0.00
2015.10.14 11:09:03.081,11.67738,11.68031,0.00,0.00
2015.10.14 11:09:03.888,11.67749,11.68031,0.00,0.00
2015.10.14 11:09:05.295,11.67729,11.68031,0.00,0.00
2015.10.14 11:09:06.255,11.67709,11.68031,0.00,0.00
2015.10.14 11:09:07.575,11.67729,11.68031,0.00,0.00
2015.10.14 11:09:17.170,11.67749,11.68031,0.00,0.00
2015.10.14 11:09:17.671,11.67729,11.68031,0.00,0.00
2015.10.14 11:09:17.772,11.67748,11.68031,0.00,0.00
2015.10.14 11:09:18.483,11.67729,11.68031,0.00,0.00
2015.10.14 11:09:19.084,11.67709,11.68031,0.00,0.00
2015.10.14 11:09:23.082,11.67728,11.68031,0.00,0.00
2015.10.14 11:09:23.680,11.67751,11.6807,0.00,0.00
2015.10.14 11:09:23.731,11.6776,11.68078,0.00,0.00
2015.10.14 11:09:23.977,11.67761,11.68082,0.00,0.00
2015.10.14 11:09:24.027,11.67788,11.68091,0.00,0.00
2015.10.14 11:09:24.633,11.67788,11.6809,0.00,0.00
2015.10.14 11:09:24.937,11.67828,11.6809,0.00,0.00
2015.10.14 11:09:25.661,11.67828,11.68091,0.00,0.00
2015.10.14 11:09:26.216,11.67828,11.6809,0.00,0.00
2015.10.14 11:09:26.333,11.67818,11.6809,0.00,0.00
2015.10.14 11:09:27.168,11.67838,11.6809,0.00,0.00
2015.10.14 11:09:27.218,11.67808,11.68091,0.00,0.00
2015.10.14 11:09:27.269,11.67808,11.68132,0.00,0.00
2015.10.14 11:09:27.470,11.67808,11.68118,0.00,0.00
2015.10.14 11:09:28.585,11.67818,11.68118,0.00,0.00
2015.10.14 11:09:28.923,11.67839,11.68118,0.00,0.00
2015.10.14 11:09:31.297,11.67829,11.68118,0.00,0.00
2015.10.14 11:09:31.743,11.67808,11.68118,0.00,0.00
2015.10.14 11:09:32.046,11.67839,11.68118,0.00,0.00
2015.10.14 11:09:33.719,11.67828,11.68118,0.00,0.00
2015.10.14 11:09:35.704,11.67809,11.68118,0.00,0.00
2015.10.14 11:09:36.391,11.67808,11.68118,0.00,0.00
2015.10.14 11:09:36.606,11.67829,11.68118,0.00,0.00
2015.10.14 11:09:37.507,11.67838,11.68118,0.00,0.00
2015.10.14 11:09:37.950,11.67829,11.68118,0.00,0.00
2015.10.14 11:09:39.550,11.67808,11.68118,0.00,0.00
2015.10.14 11:09:40.402,11.67802,11.68118,0.00,0.00
2015.10.14 11:09:41.214,11.67828,11.68118,0.00,0.00
2015.10.14 11:09:41.514,11.67819,11.68118,0.00,0.00
2015.10.14 11:09:41.708,11.67828,11.68118,0.00,0.00
2015.10.14 11:09:41.758,11.67818,11.68118,0.00,0.00
2015.10.14 11:09:46.323,11.67802,11.68118,0.00,0.00
2015.10.14 11:09:48.126,11.67759,11.68081,0.00,0.00
2015.10.14 11:09:48.227,11.67751,11.68032,0.00,0.00
2015.10.14 11:09:49.427,11.67739,11.68032,0.00,0.00
2015.10.14 11:09:49.528,11.67718,11.68032,0.00,0.00
2015.10.14 11:09:49.718,11.67738,11.68032,0.00,0.00
2015.10.14 11:09:49.929,11.67718,11.68032,0.00,0.00
2015.10.14 11:09:50.052,11.67708,11.68032,0.00,0.00
2015.10.14 11:09:50.153,11.67701,11.68032,0.00,0.00
2015.10.14 11:09:50.330,11.67709,11.68031,0.00,0.00
2015.10.14 11:09:50.431,11.67701,11.68031,0.00,0.00
2015.10.14 11:09:50.762,11.67709,11.68031,0.00,0.00
2015.10.14 11:09:51.250,11.67701,11.68031,0.00,0.00
2015.10.14 11:09:51.356,11.67708,11.6803,0.00,0.00
2015.10.14 11:09:53.245,11.67708,11.67991,0.00,0.00
2015.10.14 11:09:53.463,11.67651,11.67982,0.00,0.00
2015.10.14 11:09:53.764,11.67658,11.67982,0.00,0.00
2015.10.14 11:09:53.957,11.67651,11.67982,0.00,0.00
2015.10.14 11:09:54.236,11.67658,11.67982,0.00,0.00
2015.10.14 11:09:55.067,11.67651,11.67982,0.00,0.00
2015.10.14 11:09:55.168,11.67658,11.67982,0.00,0.00
2015.10.14 11:09:55.471,11.6761,11.67932,0.00,0.00
2015.10.14 11:09:55.903,11.67629,11.67932,0.00,0.00
2015.10.14 11:09:56.395,11.67638,11.67932,0.00,0.00
2015.10.14 11:09:58.579,11.67628,11.67932,0.00,0.00
2015.10.14 11:09:58.680,11.67639,11.67932,0.00,0.00
2015.10.14 11:09:58.940,11.67629,11.67932,0.00,0.00
2015.10.14 11:09:59.883,11.67609,11.67932,0.00,0.00
2015.10.14 11:09:59.984,11.67639,11.67932,0.00,0.00
2015.10.14 11:10:00.185,11.6761,11.67932,0.00,0.00
2015.10.14 11:10:00.465,11.67608,11.67932,0.00,0.00
2015.10.14 11:10:00.586,11.67602,11.67932,0.00,0.00
2015.10.14 11:10:00.887,11.67609,11.67932,0.00,0.00
2015.10.14 11:10:01.350,11.67629,11.67932,0.00,0.00
2015.10.14 11:10:01.742,11.67638,11.67932,0.00,0.00
2015.10.14 11:10:01.850,11.67618,11.67932,0.00,0.00
2015.10.14 11:10:03.354,11.67602,11.67932,0.00,0.00
2015.10.14 11:10:04.255,11.67608,11.67932,0.00,0.00
2015.10.14 11:10:04.357,11.67602,11.67932,0.00,0.00
2015.10.14 11:10:04.458,11.67629,11.67932,0.00,0.00
2015.10.14 11:10:04.657,11.67608,11.67932,0.00,0.00
2015.10.14 11:10:04.758,11.67602,11.67932,0.00,0.00
2015.10.14 11:10:04.969,11.67478,11.67781,0.00,0.00
2015.10.14 11:10:05.272,11.67451,11.67699,0.00,0.00
2015.10.14 11:10:05.523,11.67378,11.67682,0.00,0.00
2015.10.14 11:10:05.794,11.67389,11.67682,0.00,0.00
2015.10.14 11:10:06.109,11.67399,11.67682,0.00,0.00
2015.10.14 11:10:06.272,11.67388,11.67682,0.00,0.00
2015.10.14 11:10:06.762,11.67409,11.67682,0.00,0.00
2015.10.14 11:10:07.347,11.67408,11.67682,0.00,0.00
2015.10.14 11:10:08.192,11.67389,11.67682,0.00,0.00
2015.10.14 11:10:09.396,11.67428,11.67732,0.00,0.00
2015.10.14 11:10:09.771,11.67418,11.67732,0.00,0.00
2015.10.14 11:10:10.003,11.67439,11.67738,0.00,0.00
2015.10.14 11:10:10.154,11.67439,11.67778,0.00,0.00
2015.10.14 11:10:10.205,11.67458,11.67778,0.00,0.00
2015.10.14 11:10:10.548,11.67469,11.67778,0.00,0.00
2015.10.14 11:10:11.640,11.67469,11.67732,0.00,0.00
2015.10.14 11:10:11.799,11.67458,11.67732,0.00,0.00
2015.10.14 11:10:11.868,11.67478,11.67732,0.00,0.00
2015.10.14 11:10:11.969,11.67452,11.67732,0.00,0.00
2015.10.14 11:10:12.020,11.67428,11.67732,0.00,0.00
2015.10.14 11:10:13.287,11.67439,11.67732,0.00,0.00
2015.10.14 11:10:14.208,11.67452,11.67749,0.00,0.00
2015.10.14 11:10:14.259,11.67452,11.67781,0.00,0.00
2015.10.14 11:10:14.310,11.67458,11.67781,0.00,0.00
2015.10.14 11:10:14.673,11.67468,11.67781,0.00,0.00
2015.10.14 11:10:15.141,11.67488,11.67781,0.00,0.00
2015.10.14 11:10:15.417,11.67488,11.67789,0.00,0.00
2015.10.14 11:10:15.518,11.67488,11.67829,0.00,0.00
2015.10.14 11:10:15.619,11.67501,11.67829,0.00,0.00
2015.10.14 11:10:17.415,11.67519,11.67829,0.00,0.00
2015.10.14 11:10:17.883,11.67501,11.67829,0.00,0.00
2015.10.14 11:10:17.990,11.67518,11.67829,0.00,0.00
2015.10.14 11:10:18.179,11.67509,11.67829,0.00,0.00
2015.10.14 11:10:18.394,11.67519,11.67829,0.00,0.00
2015.10.14 11:10:18.791,11.67538,11.67829,0.00,0.00
2015.10.14 11:10:18.892,11.67551,11.67878,0.00,0.00
2015.10.14 11:10:19.081,11.67558,11.67878,0.00,0.00
2015.10.14 11:10:19.301,11.67551,11.67878,0.00,0.00
2015.10.14 11:10:19.351,11.67588,11.67878,0.00,0.00
2015.10.14 11:10:19.507,11.67588,11.67928,0.00,0.00
2015.10.14 11:10:19.558,11.67598,11.67928,0.00,0.00
2015.10.14 11:10:19.883,11.67628,11.67928,0.00,0.00
2015.10.14 11:10:19.984,11.67638,11.67949,0.00,0.00
2015.10.14 11:10:20.035,11.67652,11.67979,0.00,0.00
2015.10.14 11:10:20.851,11.67688,11.68029,0.00,0.00
2015.10.14 11:10:20.901,11.67688,11.68021,0.00,0.00
2015.10.14 11:10:21.204,11.67699,11.68029,0.00,0.00
2015.10.14 11:10:21.571,11.67701,11.68029,0.00,0.00
2015.10.14 11:10:22.784,11.67679,11.67982,0.00,0.00
2015.10.14 11:10:22.834,11.67652,11.67979,0.00,0.00
2015.10.14 11:10:23.333,11.67652,11.67931,0.00,0.00
2015.10.14 11:10:23.435,11.67652,11.67978,0.00,0.00
2015.10.14 11:10:23.950,11.67652,11.67979,0.00,0.00
2015.10.14 11:10:24.180,11.67639,11.67979,0.00,0.00
2015.10.14 11:10:24.231,11.67621,11.67871,0.00,0.00
2015.10.14 11:10:24.281,11.67601,11.67871,0.00,0.00
2015.10.14 11:10:24.332,11.67601,11.67832,0.00,0.00
2015.10.14 11:10:25.033,11.67519,11.67832,0.00,0.00
2015.10.14 11:10:25.291,11.67539,11.67871,0.00,0.00
2015.10.14 11:10:25.392,11.67558,11.67879,0.00,0.00
2015.10.14 11:10:25.709,11.67568,11.67879,0.00,0.00
2015.10.14 11:10:25.810,11.67558,11.67879,0.00,0.00
2015.10.14 11:10:25.893,11.67569,11.67879,0.00,0.00
2015.10.14 11:10:26.530,11.67559,11.67879,0.00,0.00
2015.10.14 11:10:27.423,11.67568,11.67879,0.00,0.00
2015.10.14 11:10:28.834,11.67559,11.67879,0.00,0.00
2015.10.14 11:10:31.469,11.67551,11.67879,0.00,0.00
2015.10.14 11:10:32.203,11.67559,11.67879,0.00,0.00
2015.10.14 11:10:33.812,11.67568,11.67879,0.00,0.00
2015.10.14 11:10:33.913,11.67559,11.67879,0.00,0.00
2015.10.14 11:10:34.615,11.67579,11.67879,0.00,0.00
2015.10.14 11:10:37.555,11.67599,11.67879,0.00,0.00
2015.10.14 11:10:37.770,11.67578,11.67879,0.00,0.00
2015.10.14 11:10:38.328,11.67569,11.67879,0.00,0.00
2015.10.14 11:10:39.830,11.67578,11.67879,0.00,0.00
2015.10.14 11:10:40.570,11.67589,11.67879,0.00,0.00
2015.10.14 11:10:40.671,11.67609,11.67929,0.00,0.00
2015.10.14 11:10:40.722,11.67618,11.67929,0.00,0.00
2015.10.14 11:10:41.262,11.67609,11.67929,0.00,0.00
2015.10.14 11:10:41.363,11.67639,11.67929,0.00,0.00
2015.10.14 11:10:42.858,11.67619,11.67929,0.00,0.00
2015.10.14 11:10:46.343,11.67638,11.67929,0.00,0.00
2015.10.14 11:10:46.579,11.67638,11.67931,0.00,0.00
2015.10.14 11:10:46.745,11.67628,11.67931,0.00,0.00
2015.10.14 11:10:47.143,11.67648,11.67931,0.00,0.00
2015.10.14 11:10:47.844,11.67629,11.67931,0.00,0.00
2015.10.14 11:10:48.160,11.67659,11.67971,0.00,0.00
2015.10.14 11:10:48.221,11.6767,11.67981,0.00,0.00
2015.10.14 11:10:48.535,11.67698,11.68031,0.00,0.00
2015.10.14 11:10:48.665,11.67729,11.68031,0.00,0.00
2015.10.14 11:10:49.432,11.67708,11.68031,0.00,0.00
2015.10.14 11:10:49.889,11.67728,11.68031,0.00,0.00
2015.10.14 11:10:49.939,11.67759,11.68082,0.00,0.00
2015.10.14 11:10:50.635,11.67778,11.68082,0.00,0.00
2015.10.14 11:10:51.181,11.67759,11.68082,0.00,0.00
2015.10.14 11:10:51.787,11.6776,11.68082,0.00,0.00
2015.10.14 11:10:52.321,11.67759,11.68082,0.00,0.00
2015.10.14 11:10:53.975,11.67809,11.68082,0.00,0.00
2015.10.14 11:10:54.026,11.67809,11.68121,0.00,0.00
2015.10.14 11:10:54.077,11.67809,11.68131,0.00,0.00
2015.10.14 11:10:54.317,11.67801,11.68131,0.00,0.00
2015.10.14 11:10:55.098,11.67738,11.68082,0.00,0.00
2015.10.14 11:10:55.200,11.67738,11.6807,0.00,0.00
2015.10.14 11:10:55.632,11.67701,11.68032,0.00,0.00
2015.10.14 11:11:02.364,11.67738,11.68071,0.00,0.00
2015.10.14 11:11:02.415,11.67769,11.68082,0.00,0.00
2015.10.14 11:11:02.617,11.67788,11.68132,0.00,0.00
2015.10.14 11:11:02.667,11.67808,11.68132,0.00,0.00
2015.10.14 11:11:03.392,11.67788,11.68132,0.00,0.00
2015.10.14 11:11:03.833,11.67802,11.68132,0.00,0.00
2015.10.14 11:11:05.612,11.67802,11.68131,0.00,0.00
2015.10.14 11:11:06.176,11.67802,11.68132,0.00,0.00
2015.10.14 11:11:10.471,11.67809,11.68132,0.00,0.00
2015.10.14 11:11:10.880,11.67818,11.68132,0.00,0.00
2015.10.14 11:11:11.374,11.67802,11.68132,0.00,0.00
2015.10.14 11:11:12.386,11.67829,11.68132,0.00,0.00
2015.10.14 11:11:13.077,11.67802,11.68132,0.00,0.00
2015.10.14 11:11:13.479,11.67809,11.68131,0.00,0.00
2015.10.14 11:11:13.580,11.67802,11.68132,0.00,0.00
2015.10.14 11:11:13.801,11.67829,11.68132,0.00,0.00
2015.10.14 11:11:16.470,11.67802,11.68132,0.00,0.00
2015.10.14 11:11:21.309,11.67808,11.68132,0.00,0.00
2015.10.14 11:11:21.794,11.67819,11.68132,0.00,0.00
2015.10.14 11:11:23.101,11.67809,11.68132,0.00,0.00
2015.10.14 11:11:24.801,11.67818,11.68132,0.00,0.00
2015.10.14 11:11:26.132,11.67802,11.68132,0.00,0.00
2015.10.14 11:11:26.715,11.67818,11.68132,0.00,0.00
2015.10.14 11:11:28.742,11.67828,11.68132,0.00,0.00
2015.10.14 11:11:29.410,11.67802,11.68132,0.00,0.00
2015.10.14 11:11:30.913,11.67818,11.68132,0.00,0.00
2015.10.14 11:11:31.154,11.67802,11.68132,0.00,0.00
2015.10.14 11:11:32.452,11.67808,11.68132,0.00,0.00
2015.10.14 11:11:33.316,11.67829,11.68132,0.00,0.00
2015.10.14 11:11:34.619,11.67809,11.68132,0.00,0.00
2015.10.14 11:11:34.669,11.6785,11.68132,0.00,0.00
2015.10.14 11:11:34.720,11.67851,11.6817,0.00,0.00
2015.10.14 11:11:34.821,11.67851,11.68132,0.00,0.00
2015.10.14 11:11:35.019,11.67851,11.6817,0.00,0.00
2015.10.14 11:11:35.170,11.67851,11.68181,0.00,0.00
2015.10.14 11:11:36.273,11.67901,11.68231,0.00,0.00
2015.10.14 11:11:36.825,11.67901,11.68232,0.00,0.00
2015.10.14 11:11:37.543,11.67949,11.68271,0.00,0.00
2015.10.14 11:11:37.924,11.67952,11.68262,0.00,0.00
2015.10.14 11:11:39.126,11.67952,11.68271,0.00,0.00
2015.10.14 11:11:39.552,11.67952,11.68261,0.00,0.00
2015.10.14 11:11:40.229,11.67952,11.68242,0.00,0.00
2015.10.14 11:11:40.531,11.6796,11.68262,0.00,0.00
2015.10.14 11:11:40.744,11.67939,11.68262,0.00,0.00
2015.10.14 11:11:41.840,11.67951,11.68262,0.00,0.00
2015.10.14 11:11:42.277,11.6796,11.6827,0.00,0.00
2015.10.14 11:11:42.600,11.67988,11.68271,0.00,0.00
2015.10.14 11:11:42.924,11.67988,11.68261,0.00,0.00
2015.10.14 11:11:43.236,11.68001,11.68242,0.00,0.00
2015.10.14 11:11:44.138,11.68001,11.68261,0.00,0.00
2015.10.14 11:11:44.498,11.67952,11.68261,0.00,0.00
2015.10.14 11:11:45.373,11.67988,11.68332,0.00,0.00
2015.10.14 11:11:45.424,11.68202,11.68332,0.00,0.00
2015.10.14 11:11:45.626,11.68202,11.68531,0.00,0.00
2015.10.14 11:11:45.676,11.68202,11.68522,0.00,0.00
2015.10.14 11:11:45.741,11.68202,11.68531,0.00,0.00
2015.10.14 11:11:46.610,11.68301,11.68552,0.00,0.00
2015.10.14 11:11:46.660,11.68301,11.68582,0.00,0.00
2015.10.14 11:11:46.711,11.68301,11.6861,0.00,0.00
2015.10.14 11:11:46.812,11.68301,11.68632,0.00,0.00
2015.10.14 11:11:47.368,11.68401,11.68651,0.00,0.00
2015.10.14 11:11:47.583,11.68401,11.68662,0.00,0.00
2015.10.14 11:11:47.642,11.68401,11.68632,0.00,0.00
2015.10.14 11:11:48.050,11.68302,11.68632,0.00,0.00
2015.10.14 11:11:48.439,11.68339,11.68671,0.00,0.00
2015.10.14 11:11:48.490,11.68362,11.68681,0.00,0.00
2015.10.14 11:11:48.691,11.68401,11.68732,0.00,0.00
2015.10.14 11:11:49.273,11.68401,11.68731,0.00,0.00
2015.10.14 11:11:49.803,11.68401,11.68732,0.00,0.00
2015.10.14 11:11:55.605,11.68401,11.68682,0.00,0.00
2015.10.14 11:11:55.656,11.6837,11.68682,0.00,0.00
2015.10.14 11:11:55.795,11.68351,11.68682,0.00,0.00
2015.10.14 11:11:56.211,11.68338,11.68669,0.00,0.00
2015.10.14 11:11:57.012,11.68338,11.68638,0.00,0.00
2015.10.14 11:11:57.063,11.68289,11.6863,0.00,0.00
2015.10.14 11:11:57.739,11.68289,11.68631,0.00,0.00
2015.10.14 11:11:58.334,11.68289,11.6863,0.00,0.00
2015.10.14 11:11:58.825,11.68362,11.68638,0.00,0.00
2015.10.14 11:11:58.875,11.68362,11.68679,0.00,0.00
2015.10.14 11:11:58.926,11.68362,11.68682,0.00,0.00
2015.10.14 11:11:59.141,11.68388,11.68732,0.00,0.00
2015.10.14 11:12:00.029,11.68439,11.68742,0.00,0.00
2015.10.14 11:12:00.080,11.68439,11.6877,0.00,0.00
2015.10.14 11:12:00.231,11.68439,11.68731,0.00,0.00
2015.10.14 11:12:00.579,11.68439,11.68718,0.00,0.00
2015.10.14 11:12:00.755,11.68439,11.68769,0.00,0.00
2015.10.14 11:12:01.084,11.68439,11.68771,0.00,0.00
2015.10.14 11:12:01.722,11.68439,11.6877,0.00,0.00
2015.10.14 11:12:01.773,11.68489,11.6877,0.00,0.00
2015.10.14 11:12:01.934,11.68489,11.68831,0.00,0.00
2015.10.14 11:12:01.984,11.68489,11.68822,0.00,0.00
2015.10.14 11:12:02.085,11.68489,11.68831,0.00,0.00
2015.10.14 11:12:02.389,11.68489,11.68822,0.00,0.00
2015.10.14 11:12:02.692,11.6845,11.68731,0.00,0.00
2015.10.14 11:12:02.742,11.68438,11.68762,0.00,0.00
2015.10.14 11:12:02.986,11.68438,11.68779,0.00,0.00
2015.10.14 11:12:03.446,11.68438,11.68771,0.00,0.00
2015.10.14 11:12:04.180,11.68489,11.68771,0.00,0.00
2015.10.14 11:12:04.281,11.68389,11.68722,0.00,0.00
2015.10.14 11:12:04.592,11.68388,11.68731,0.00,0.00
2015.10.14 11:12:04.643,11.68388,11.68651,0.00,0.00
2015.10.14 11:12:04.794,11.68339,11.68631,0.00,0.00
2015.10.14 11:12:04.845,11.68288,11.68631,0.00,0.00
2015.10.14 11:12:06.138,11.68288,11.6862,0.00,0.00
2015.10.14 11:12:06.435,11.68288,11.6863,0.00,0.00
2015.10.14 11:12:06.767,11.68361,11.68632,0.00,0.00
2015.10.14 11:12:06.818,11.68388,11.68681,0.00,0.00
2015.10.14 11:12:06.918,11.68361,11.68681,0.00,0.00
2015.10.14 11:12:06.969,11.68351,11.68681,0.00,0.00
2015.10.14 11:12:07.020,11.68339,11.68681,0.00,0.00
2015.10.14 11:12:08.054,11.68318,11.68631,0.00,0.00
2015.10.14 11:12:08.105,11.6829,11.68631,0.00,0.00
2015.10.14 11:12:08.650,11.68289,11.68631,0.00,0.00
2015.10.14 11:12:11.561,11.68339,11.6864,0.00,0.00
2015.10.14 11:12:11.612,11.68339,11.68671,0.00,0.00
2015.10.14 11:12:11.718,11.68339,11.68681,0.00,0.00
2015.10.14 11:12:11.828,11.68342,11.68681,0.00,0.00
2015.10.14 11:12:13.670,11.68388,11.68692,0.00,0.00
2015.10.14 11:12:13.721,11.68388,11.68722,0.00,0.00
2015.10.14 11:12:14.130,11.68388,11.68692,0.00,0.00
2015.10.14 11:12:14.646,11.68388,11.68722,0.00,0.00
2015.10.14 11:12:15.143,11.68388,11.68701,0.00,0.00
2015.10.14 11:12:16.413,11.68381,11.68682,0.00,0.00
2015.10.14 11:12:16.464,11.6837,11.68681,0.00,0.00
2015.10.14 11:12:16.584,11.68338,11.68681,0.00,0.00
2015.10.14 11:12:16.634,11.68331,11.68632,0.00,0.00
2015.10.14 11:12:16.685,11.68299,11.68632,0.00,0.00
2015.10.14 11:12:16.786,11.68291,11.68632,0.00,0.00
2015.10.14 11:12:21.792,11.68338,11.68652,0.00,0.00
2015.10.14 11:12:21.842,11.68338,11.68672,0.00,0.00
2015.10.14 11:12:21.899,11.6837,11.68672,0.00,0.00
2015.10.14 11:12:22.000,11.68388,11.68729,0.00,0.00
2015.10.14 11:12:22.122,11.6839,11.68729,0.00,0.00
2015.10.14 11:12:22.200,11.68388,11.68729,0.00,0.00
2015.10.14 11:12:22.953,11.68388,11.68722,0.00,0.00
2015.10.14 11:12:23.571,11.68388,11.68731,0.00,0.00
2015.10.14 11:12:23.622,11.68388,11.68681,0.00,0.00
2015.10.14 11:12:23.724,11.68292,11.68632,0.00,0.00
2015.10.14 11:12:24.056,11.68292,11.68621,0.00,0.00
2015.10.14 11:12:24.759,11.68292,11.68632,0.00,0.00
2015.10.14 11:12:28.250,11.68292,11.68621,0.00,0.00
2015.10.14 11:12:28.551,11.68292,11.68632,0.00,0.00
2015.10.14 11:12:28.601,11.68389,11.6864,0.00,0.00
2015.10.14 11:12:28.652,11.68389,11.68711,0.00,0.00
2015.10.14 11:12:28.753,11.68389,11.68731,0.00,0.00
2015.10.14 11:12:28.871,11.68389,11.68712,0.00,0.00
2015.10.14 11:12:28.972,11.68389,11.68731,0.00,0.00
2015.10.14 11:12:29.604,11.68372,11.68682,0.00,0.00
2015.10.14 11:12:29.654,11.68342,11.68682,0.00,0.00
2015.10.14 11:12:30.668,11.68349,11.68682,0.00,0.00
2015.10.14 11:12:30.877,11.68439,11.68781,0.00,0.00
2015.10.14 11:12:30.978,11.68439,11.68762,0.00,0.00
2015.10.14 11:12:31.178,11.68439,11.68781,0.00,0.00
2015.10.14 11:12:31.695,11.68439,11.68761,0.00,0.00
2015.10.14 11:12:31.928,11.68302,11.68632,0.00,0.00
2015.10.14 11:12:33.011,11.68338,11.68651,0.00,0.00
2015.10.14 11:12:33.061,11.68338,11.68671,0.00,0.00
2015.10.14 11:12:33.184,11.68338,11.68682,0.00,0.00
2015.10.14 11:12:33.505,11.68338,11.68671,0.00,0.00
2015.10.14 11:12:33.606,11.68338,11.68682,0.00,0.00
2015.10.14 11:12:33.763,11.68338,11.68672,0.00,0.00
2015.10.14 11:12:34.363,11.68338,11.68652,0.00,0.00
2015.10.14 11:12:34.518,11.68291,11.68632,0.00,0.00
2015.10.14 11:12:35.416,11.68338,11.68671,0.00,0.00
2015.10.14 11:12:35.668,11.68388,11.68722,0.00,0.00
2015.10.14 11:12:35.986,11.68388,11.68732,0.00,0.00
2015.10.14 11:12:36.483,11.68388,11.68722,0.00,0.00
2015.10.14 11:12:37.391,11.68361,11.68682,0.00,0.00
2015.10.14 11:12:37.441,11.68342,11.68682,0.00,0.00
2015.10.14 11:12:39.007,11.68338,11.68682,0.00,0.00
2015.10.14 11:12:40.899,11.68338,11.68671,0.00,0.00
2015.10.14 11:12:41.109,11.68288,11.68632,0.00,0.00
2015.10.14 11:12:41.348,11.68279,11.68592,0.00,0.00
2015.10.14 11:12:41.517,11.68271,11.68592,0.00,0.00
2015.10.14 11:12:41.668,11.68269,11.68592,0.00,0.00
2015.10.14 11:12:42.557,11.68301,11.68592,0.00,0.00
2015.10.14 11:12:43.586,11.68301,11.68632,0.00,0.00
2015.10.14 11:12:53.863,11.68308,11.68632,0.00,0.00
2015.10.14 11:12:56.048,11.68301,11.68632,0.00,0.00
2015.10.14 11:12:56.104,11.68309,11.68632,0.00,0.00
2015.10.14 11:12:56.917,11.68301,11.68632,0.00,0.00
2015.10.14 11:12:57.036,11.68308,11.68632,0.00,0.00
2015.10.14 11:12:58.777,11.68352,11.68632,0.00,0.00
2015.10.14 11:12:58.837,11.68352,11.68668,0.00,0.00
2015.10.14 11:12:58.888,11.68359,11.68668,0.00,0.00
2015.10.14 11:12:58.939,11.68371,11.68681,0.00,0.00
2015.10.14 11:12:59.040,11.68411,11.68731,0.00,0.00
2015.10.14 11:12:59.443,11.6844,11.68731,0.00,0.00
2015.10.14 11:12:59.649,11.68472,11.68781,0.00,0.00
2015.10.14 11:13:00.183,11.68489,11.68801,0.00,0.00
2015.10.14 11:13:00.251,11.68489,11.68811,0.00,0.00
2015.10.14 11:13:00.353,11.68602,11.68831,0.00,0.00
2015.10.14 11:13:00.454,11.68602,11.68932,0.00,0.00
2015.10.14 11:13:02.616,11.68602,11.68931,0.00,0.00
2015.10.14 11:13:03.359,11.68602,11.6893,0.00,0.00
2015.10.14 11:13:03.417,11.68602,11.68909,0.00,0.00
2015.10.14 11:13:05.899,11.68639,11.68909,0.00,0.00
2015.10.14 11:13:06.101,11.68689,11.69031,0.00,0.00
2015.10.14 11:13:06.151,11.68689,11.69029,0.00,0.00
2015.10.14 11:13:06.467,11.68652,11.68932,0.00,0.00
2015.10.14 11:13:07.246,11.68602,11.68932,0.00,0.00
2015.10.14 11:13:08.970,11.68638,11.68941,0.00,0.00
2015.10.14 11:13:09.071,11.68652,11.68972,0.00,0.00
2015.10.14 11:13:09.122,11.68652,11.6897,0.00,0.00
2015.10.14 11:13:09.424,11.68652,11.68982,0.00,0.00
2015.10.14 11:13:10.408,11.68688,11.68991,0.00,0.00
2015.10.14 11:13:10.787,11.68701,11.68982,0.00,0.00
2015.10.14 11:13:11.089,11.68701,11.68931,0.00,0.00
2015.10.14 11:13:11.140,11.68601,11.68931,0.00,0.00
2015.10.14 11:13:32.607,11.68601,11.68932,0.00,0.00
2015.10.14 11:13:37.996,11.68601,11.68881,0.00,0.00
2015.10.14 11:13:38.352,11.68551,11.68832,0.00,0.00
2015.10.14 11:13:38.453,11.68551,11.68741,0.00,0.00
2015.10.14 11:13:38.503,11.68501,11.68741,0.00,0.00
2015.10.14 11:13:38.554,11.68438,11.68741,0.00,0.00
2015.10.14 11:13:38.655,11.68438,11.6875,0.00,0.00
2015.10.14 11:13:38.706,11.68402,11.68731,0.00,0.00
2015.10.14 11:13:38.958,11.68402,11.68721,0.00,0.00
2015.10.14 11:13:39.278,11.68402,11.68681,0.00,0.00
2015.10.14 11:13:39.466,11.68402,11.68722,0.00,0.00
2015.10.14 11:13:39.517,11.68402,11.68732,0.00,0.00
2015.10.14 11:13:40.261,11.68402,11.6872,0.00,0.00
2015.10.14 11:13:40.412,11.68351,11.68681,0.00,0.00
2015.10.14 11:13:43.073,11.68341,11.68631,0.00,0.00
2015.10.14 11:13:43.174,11.68339,11.68631,0.00,0.00
2015.10.14 11:13:43.225,11.68302,11.68631,0.00,0.00
2015.10.14 11:13:44.051,11.68308,11.68631,0.00,0.00
2015.10.14 11:13:44.231,11.68302,11.68631,0.00,0.00
2015.10.14 11:13:44.682,11.68308,11.68631,0.00,0.00
2015.10.14 11:13:45.130,11.68302,11.68631,0.00,0.00
2015.10.14 11:13:46.636,11.68318,11.68631,0.00,0.00
2015.10.14 11:13:48.848,11.68338,11.68631,0.00,0.00
2015.10.14 11:13:49.052,11.68409,11.68722,0.00,0.00
2015.10.14 11:13:49.109,11.68441,11.68732,0.00,0.00
2015.10.14 11:13:58.676,11.68441,11.68682,0.00,0.00
2015.10.14 11:13:58.881,11.68351,11.68638,0.00,0.00
2015.10.14 11:14:01.841,11.68351,11.68658,0.00,0.00
2015.10.14 11:14:02.461,11.68338,11.68658,0.00,0.00
2015.10.14 11:14:03.087,11.68328,11.68602,0.00,0.00
2015.10.14 11:14:03.138,11.68319,11.68602,0.00,0.00
2015.10.14 11:14:03.239,11.68302,11.68602,0.00,0.00
2015.10.14 11:14:03.614,11.68318,11.68602,0.00,0.00
2015.10.14 11:14:03.939,11.68302,11.68602,0.00,0.00
2015.10.14 11:14:05.145,11.68319,11.68602,0.00,0.00
2015.10.14 11:14:05.252,11.68302,11.68602,0.00,0.00
2015.10.14 11:14:05.342,11.68328,11.68602,0.00,0.00
2015.10.14 11:14:05.959,11.68319,11.68602,0.00,0.00
2015.10.14 11:14:06.170,11.68269,11.68551,0.00,0.00
2015.10.14 11:14:06.229,11.68229,11.68531,0.00,0.00
2015.10.14 11:14:06.279,11.68218,11.68502,0.00,0.00
2015.10.14 11:14:06.597,11.68228,11.68502,0.00,0.00
2015.10.14 11:14:06.648,11.68208,11.68502,0.00,0.00
2015.10.14 11:14:06.970,11.68228,11.68502,0.00,0.00
2015.10.14 11:14:07.542,11.68208,11.68502,0.00,0.00
2015.10.14 11:14:07.677,11.68229,11.68502,0.00,0.00
2015.10.14 11:14:09.390,11.68208,11.68502,0.00,0.00
2015.10.14 11:14:11.560,11.68228,11.68502,0.00,0.00
2015.10.14 11:14:11.653,11.68218,11.68502,0.00,0.00
2015.10.14 11:14:11.754,11.68208,11.68502,0.00,0.00
2015.10.14 11:14:11.805,11.68208,11.68452,0.00,0.00
2015.10.14 11:14:11.856,11.68189,11.68452,0.00,0.00
2015.10.14 11:14:12.145,11.68179,11.68452,0.00,0.00
2015.10.14 11:14:12.196,11.68209,11.68452,0.00,0.00
2015.10.14 11:14:12.296,11.68189,11.68452,0.00,0.00
2015.10.14 11:14:12.355,11.68178,11.68452,0.00,0.00
2015.10.14 11:14:12.878,11.68198,11.68452,0.00,0.00
2015.10.14 11:14:15.143,11.68208,11.68452,0.00,0.00
2015.10.14 11:14:15.397,11.6813,11.68402,0.00,0.00
2015.10.14 11:14:15.760,11.68159,11.68402,0.00,0.00
2015.10.14 11:14:15.866,11.68139,11.68402,0.00,0.00
2015.10.14 11:14:16.210,11.68129,11.68402,0.00,0.00
2015.10.14 11:14:16.820,11.68128,11.68402,0.00,0.00
2015.10.14 11:14:16.962,11.68158,11.68402,0.00,0.00
2015.10.14 11:14:17.064,11.68139,11.68402,0.00,0.00
2015.10.14 11:14:17.172,11.68129,11.68402,0.00,0.00
2015.10.14 11:14:17.363,11.68158,11.68402,0.00,0.00
2015.10.14 11:14:19.081,11.68139,11.68402,0.00,0.00
2015.10.14 11:14:19.337,11.68119,11.68352,0.00,0.00
2015.10.14 11:14:19.388,11.68078,11.68352,0.00,0.00
2015.10.14 11:14:19.787,11.68088,11.68352,0.00,0.00
2015.10.14 11:14:20.594,11.68078,11.68352,0.00,0.00
2015.10.14 11:14:21.300,11.68089,11.68352,0.00,0.00
2015.10.14 11:14:21.753,11.68109,11.68352,0.00,0.00
2015.10.14 11:14:21.804,11.68088,11.68352,0.00,0.00
2015.10.14 11:14:22.856,11.68089,11.68352,0.00,0.00
2015.10.14 11:14:22.906,11.68109,11.68352,0.00,0.00
2015.10.14 11:14:24.217,11.68089,11.68352,0.00,0.00
2015.10.14 11:14:24.776,11.68088,11.68352,0.00,0.00
2015.10.14 11:14:25.369,11.6809,11.68352,0.00,0.00
2015.10.14 11:14:25.672,11.68098,11.68352,0.00,0.00
2015.10.14 11:14:25.723,11.68089,11.68352,0.00,0.00
2015.10.14 11:14:25.823,11.68108,11.68352,0.00,0.00
2015.10.14 11:14:26.094,11.68099,11.68352,0.00,0.00
2015.10.14 11:14:26.281,11.68079,11.68352,0.00,0.00
2015.10.14 11:14:26.382,11.68098,11.68352,0.00,0.00
2015.10.14 11:14:26.483,11.6808,11.68352,0.00,0.00
2015.10.14 11:14:27.167,11.68089,11.6838,0.00,0.00
2015.10.14 11:14:27.334,11.68089,11.68431,0.00,0.00
2015.10.14 11:14:33.248,11.6809,11.68431,0.00,0.00
2015.10.14 11:14:34.047,11.68089,11.68431,0.00,0.00
2015.10.14 11:14:35.641,11.68089,11.68422,0.00,0.00
2015.10.14 11:14:35.963,11.68038,11.6834,0.00,0.00
2015.10.14 11:14:36.276,11.68038,11.68349,0.00,0.00
2015.10.14 11:14:36.582,11.68038,11.6836,0.00,0.00
2015.10.14 11:14:36.633,11.68038,11.68368,0.00,0.00
2015.10.14 11:14:36.734,11.68038,11.6838,0.00,0.00
2015.10.14 11:14:37.347,11.68039,11.6838,0.00,0.00
2015.10.14 11:14:37.854,11.68038,11.6838,0.00,0.00
2015.10.14 11:14:38.361,11.68038,11.68381,0.00,0.00
2015.10.14 11:14:39.020,11.68038,11.6838,0.00,0.00
2015.10.14 11:14:39.614,11.68038,11.68381,0.00,0.00
2015.10.14 11:14:40.310,11.68018,11.68332,0.00,0.00
2015.10.14 11:14:40.361,11.67998,11.68332,0.00,0.00
2015.10.14 11:14:40.462,11.67988,11.68332,0.00,0.00
2015.10.14 11:14:42.605,11.68084,11.68369,0.00,0.00
2015.10.14 11:14:42.655,11.68084,11.68371,0.00,0.00
2015.10.14 11:14:42.706,11.68084,11.68401,0.00,0.00
2015.10.14 11:14:42.757,11.68116,11.68431,0.00,0.00
2015.10.14 11:14:46.266,11.68211,11.68502,0.00,0.00
2015.10.14 11:14:46.368,11.68211,11.68531,0.00,0.00
2015.10.14 11:14:46.468,11.68211,11.68501,0.00,0.00
2015.10.14 11:14:47.029,11.68211,11.68492,0.00,0.00
2015.10.14 11:14:47.128,11.68211,11.68501,0.00,0.00
2015.10.14 11:14:47.695,11.68201,11.68501,0.00,0.00
2015.10.14 11:14:48.362,11.68201,11.68531,0.00,0.00
2015.10.14 11:14:49.273,11.68201,11.68521,0.00,0.00
2015.10.14 11:14:49.581,11.68201,11.68492,0.00,0.00
2015.10.14 11:14:49.855,11.68201,11.68501,0.00,0.00
2015.10.14 11:14:52.011,11.68201,11.68522,0.00,0.00
2015.10.14 11:14:52.339,11.68201,11.68502,0.00,0.00
2015.10.14 11:14:55.945,11.68201,11.68492,0.00,0.00
2015.10.14 11:14:56.840,11.68201,11.68481,0.00,0.00
2015.10.14 11:14:57.064,11.68188,11.68481,0.00,0.00
2015.10.14 11:14:57.115,11.68179,11.68481,0.00,0.00
2015.10.14 11:14:57.166,11.68179,11.68472,0.00,0.00
2015.10.14 11:14:57.216,11.68151,11.68472,0.00,0.00
2015.10.14 11:14:57.267,11.68151,11.68462,0.00,0.00
2015.10.14 11:14:57.469,11.68188,11.68511,0.00,0.00
2015.10.14 11:14:58.012,11.68188,11.68481,0.00,0.00
2015.10.14 11:14:58.352,11.68188,11.68491,0.00,0.00
2015.10.14 11:14:58.495,11.68201,11.68491,0.00,0.00
2015.10.14 11:15:00.199,11.68201,11.68482,0.00,0.00
2015.10.14 11:15:00.300,11.68152,11.68482,0.00,0.00
2015.10.14 11:15:00.401,11.68152,11.68462,0.00,0.00
2015.10.14 11:15:00.956,11.68152,11.68481,0.00,0.00
2015.10.14 11:15:01.200,11.68188,11.68481,0.00,0.00
2015.10.14 11:15:01.302,11.68188,11.68492,0.00,0.00
2015.10.14 11:15:01.403,11.68188,11.68532,0.00,0.00
2015.10.14 11:15:01.588,11.68201,11.68521,0.00,0.00
2015.10.14 11:15:03.462,11.68201,11.68522,0.00,0.00
2015.10.14 11:15:03.976,11.68201,11.68532,0.00,0.00
2015.10.14 11:15:04.363,11.68201,11.68522,0.00,0.00
2015.10.14 11:15:05.064,11.68201,11.68532,0.00,0.00
2015.10.14 11:15:05.115,11.6822,11.68532,0.00,0.00
2015.10.14 11:15:05.661,11.68219,11.68532,0.00,0.00
2015.10.14 11:15:06.637,11.68201,11.68532,0.00,0.00
2015.10.14 11:15:06.688,11.68201,11.68522,0.00,0.00
2015.10.14 11:15:07.748,11.68252,11.68522,0.00,0.00
2015.10.14 11:15:07.799,11.68252,11.68541,0.00,0.00
2015.10.14 11:15:07.900,11.68252,11.68552,0.00,0.00
2015.10.14 11:15:09.173,11.68252,11.68522,0.00,0.00
2015.10.14 11:15:09.977,11.68252,11.68531,0.00,0.00
2015.10.14 11:15:10.147,11.68252,11.68512,0.00,0.00
2015.10.14 11:15:10.677,11.68252,11.68532,0.00,0.00
2015.10.14 11:15:10.781,11.68252,11.68542,0.00,0.00
2015.10.14 11:15:11.582,11.68252,11.68532,0.00,0.00
2015.10.14 11:15:11.742,11.68252,11.68552,0.00,0.00
2015.10.14 11:15:11.894,11.68252,11.68531,0.00,0.00
2015.10.14 11:15:13.581,11.68252,11.68521,0.00,0.00
2015.10.14 11:15:13.693,11.68239,11.68511,0.00,0.00
2015.10.14 11:15:13.844,11.68202,11.68511,0.00,0.00
2015.10.14 11:15:14.296,11.68201,11.68532,0.00,0.00
2015.10.14 11:15:15.359,11.68201,11.68521,0.00,0.00
2015.10.14 11:15:15.800,11.68201,11.68512,0.00,0.00
2015.10.14 11:15:17.105,11.68201,11.68522,0.00,0.00
2015.10.14 11:15:17.190,11.68201,11.68532,0.00,0.00
2015.10.14 11:15:18.292,11.68201,11.68521,0.00,0.00
2015.10.14 11:15:18.492,11.68201,11.68532,0.00,0.00
2015.10.14 11:15:18.593,11.68201,11.68522,0.00,0.00
2015.10.14 11:15:19.413,11.68201,11.68532,0.00,0.00
2015.10.14 11:15:21.098,11.68201,11.68531,0.00,0.00
2015.10.14 11:15:26.222,11.68201,11.68532,0.00,0.00
2015.10.14 11:15:27.756,11.68251,11.68532,0.00,0.00
2015.10.14 11:15:27.806,11.68259,11.68542,0.00,0.00
2015.10.14 11:15:27.857,11.68259,11.68562,0.00,0.00
2015.10.14 11:15:28.102,11.68288,11.68621,0.00,0.00
2015.10.14 11:15:28.153,11.68288,11.68612,0.00,0.00
2015.10.14 11:15:29.161,11.68288,11.68632,0.00,0.00
2015.10.14 11:15:29.211,11.68302,11.68632,0.00,0.00
2015.10.14 11:15:34.332,11.68302,11.68621,0.00,0.00
2015.10.14 11:15:35.521,11.68302,11.68632,0.00,0.00
2015.10.14 11:15:35.631,11.68302,11.68612,0.00,0.00
2015.10.14 11:15:36.241,11.68302,11.68611,0.00,0.00
2015.10.14 11:15:40.295,11.68288,11.68611,0.00,0.00
2015.10.14 11:15:40.346,11.68252,11.68581,0.00,0.00
2015.10.14 11:15:42.071,11.68252,11.68571,0.00,0.00
2015.10.14 11:15:42.665,11.68252,11.68581,0.00,0.00
2015.10.14 11:15:42.716,11.68302,11.68581,0.00,0.00
2015.10.14 11:15:42.766,11.68302,11.68622,0.00,0.00
2015.10.14 11:15:43.059,11.68302,11.68602,0.00,0.00
2015.10.14 11:15:43.362,11.68302,11.68592,0.00,0.00
2015.10.14 11:15:44.169,11.68302,11.68602,0.00,0.00
2015.10.14 11:15:45.535,11.68302,11.68591,0.00,0.00
2015.10.14 11:15:46.135,11.68302,11.68601,0.00,0.00
2015.10.14 11:15:47.637,11.68302,11.68622,0.00,0.00
2015.10.14 11:15:47.838,11.68302,11.68601,0.00,0.00
2015.10.14 11:15:48.278,11.68302,11.68591,0.00,0.00
2015.10.14 11:15:48.380,11.68302,11.68602,0.00,0.00
2015.10.14 11:15:48.439,11.68302,11.68621,0.00,0.00
2015.10.14 11:15:50.189,11.68302,11.68601,0.00,0.00
2015.10.14 11:15:50.344,11.68302,11.68621,0.00,0.00
2015.10.14 11:15:52.445,11.68302,11.68601,0.00,0.00
2015.10.14 11:15:53.078,11.68302,11.68621,0.00,0.00
2015.10.14 11:15:54.579,11.68302,11.68602,0.00,0.00
2015.10.14 11:15:54.983,11.68302,11.68621,0.00,0.00
2015.10.14 11:15:55.247,11.68302,11.68602,0.00,0.00
2015.10.14 11:15:57.751,11.68302,11.68622,0.00,0.00
2015.10.14 11:15:57.852,11.68302,11.68632,0.00,0.00
2015.10.14 11:15:58.153,11.68302,11.68611,0.00,0.00
2015.10.14 11:15:58.413,11.68302,11.68631,0.00,0.00
2015.10.14 11:15:58.918,11.68302,11.68632,0.00,0.00
2015.10.14 11:16:00.557,11.68302,11.68622,0.00,0.00
2015.10.14 11:16:00.712,11.68302,11.68631,0.00,0.00
2015.10.14 11:16:00.763,11.68302,11.68622,0.00,0.00
2015.10.14 11:16:01.079,11.68302,11.68602,0.00,0.00
2015.10.14 11:16:01.458,11.68302,11.68621,0.00,0.00
2015.10.14 11:16:03.230,11.68302,11.68622,0.00,0.00
2015.10.14 11:16:03.362,11.68302,11.68632,0.00,0.00
2015.10.14 11:16:03.862,11.68302,11.68622,0.00,0.00
2015.10.14 11:16:04.595,11.68288,11.68622,0.00,0.00
2015.10.14 11:16:05.064,11.68288,11.68606,0.00,0.00
2015.10.14 11:16:05.383,11.68288,11.68597,0.00,0.00
2015.10.14 11:16:05.866,11.68288,11.68602,0.00,0.00
2015.10.14 11:16:07.297,11.68249,11.68587,0.00,0.00
2015.10.14 11:16:07.348,11.68238,11.68577,0.00,0.00
2015.10.14 11:16:07.915,11.68238,11.68576,0.00,0.00
2015.10.14 11:16:08.169,11.68238,11.68581,0.00,0.00
2015.10.14 11:16:08.399,11.68238,11.68576,0.00,0.00
2015.10.14 11:16:08.769,11.68238,11.68566,0.00,0.00
2015.10.14 11:16:09.071,11.68341,11.68631,0.00,0.00
2015.10.14 11:16:09.122,11.68341,11.68642,0.00,0.00
2015.10.14 11:16:09.272,11.68341,11.68626,0.00,0.00
2015.10.14 11:16:09.373,11.68341,11.68642,0.00,0.00
2015.10.14 11:16:09.478,11.68341,11.68651,0.00,0.00
2015.10.14 11:16:09.777,11.68341,11.68631,0.00,0.00
2015.10.14 11:16:10.482,11.68341,11.68652,0.00,0.00
2015.10.14 11:16:10.774,11.68341,11.68631,0.00,0.00
2015.10.14 11:16:11.800,11.68341,11.68621,0.00,0.00
2015.10.14 11:16:12.139,11.68341,11.68611,0.00,0.00
2015.10.14 11:16:12.189,11.68341,11.68631,0.00,0.00
2015.10.14 11:16:12.996,11.68341,11.68611,0.00,0.00
2015.10.14 11:16:13.296,11.68341,11.68622,0.00,0.00
2015.10.14 11:16:13.397,11.68341,11.68631,0.00,0.00
2015.10.14 11:16:13.519,11.68341,11.68671,0.00,0.00
2015.10.14 11:16:13.578,11.68341,11.68652,0.00,0.00
2015.10.14 11:16:13.679,11.68341,11.68662,0.00,0.00
2015.10.14 11:16:14.203,11.68341,11.68672,0.00,0.00
2015.10.14 11:16:14.607,11.68341,11.68681,0.00,0.00
2015.10.14 11:16:14.808,11.68341,11.68662,0.00,0.00
2015.10.14 11:16:15.610,11.68341,11.68672,0.00,0.00
2015.10.14 11:16:18.887,11.68341,11.68681,0.00,0.00
2015.10.14 11:16:19.889,11.68341,11.68661,0.00,0.00
2015.10.14 11:16:20.190,11.68341,11.68672,0.00,0.00
2015.10.14 11:16:21.031,11.68341,11.68681,0.00,0.00
2015.10.14 11:16:21.537,11.68341,11.68672,0.00,0.00
2015.10.14 11:16:21.852,11.68341,11.68641,0.00,0.00
2015.10.14 11:16:21.903,11.68341,11.68651,0.00,0.00
2015.10.14 11:16:22.185,11.68341,11.68671,0.00,0.00
2015.10.14 11:16:22.737,11.68341,11.68652,0.00,0.00
2015.10.14 11:16:23.292,11.68341,11.68641,0.00,0.00
2015.10.14 11:16:25.541,11.68341,11.68652,0.00,0.00
2015.10.14 11:16:26.029,11.68341,11.68672,0.00,0.00
2015.10.14 11:16:26.131,11.68341,11.68681,0.00,0.00
2015.10.14 11:16:33.668,11.68388,11.68681,0.00,0.00
2015.10.14 11:16:33.719,11.68388,11.68711,0.00,0.00
2015.10.14 11:16:33.819,11.68388,11.68722,0.00,0.00
2015.10.14 11:16:33.920,11.68388,11.6873,0.00,0.00
2015.10.14 11:16:34.218,11.68388,11.68701,0.00,0.00
2015.10.14 11:16:34.577,11.68388,11.68692,0.00,0.00
2015.10.14 11:16:35.214,11.68388,11.68701,0.00,0.00
2015.10.14 11:16:35.414,11.68388,11.68692,0.00,0.00
2015.10.14 11:16:35.645,11.68388,11.68712,0.00,0.00
2015.10.14 11:16:36.145,11.68388,11.68659,0.00,0.00
2015.10.14 11:16:36.246,11.68299,11.68632,0.00,0.00
2015.10.14 11:16:36.297,11.6829,11.68632,0.00,0.00
2015.10.14 11:16:36.347,11.68288,11.68621,0.00,0.00
2015.10.14 11:16:36.752,11.68288,11.68632,0.00,0.00
2015.10.14 11:16:39.621,11.68288,11.68622,0.00,0.00
2015.10.14 11:16:39.832,11.68288,11.68632,0.00,0.00
2015.10.14 11:16:47.984,11.68321,11.68632,0.00,0.00
2015.10.14 11:16:49.436,11.68321,11.68622,0.00,0.00
2015.10.14 11:16:50.050,11.68321,11.68632,0.00,0.00
2015.10.14 11:17:00.261,11.68321,11.68631,0.00,0.00
2015.10.14 11:17:02.751,11.68321,11.68632,0.00,0.00
2015.10.14 11:17:25.198,11.68321,11.68631,0.00,0.00
2015.10.14 11:17:25.727,11.68321,11.68632,0.00,0.00
2015.10.14 11:17:25.991,11.68321,11.68621,0.00,0.00
2015.10.14 11:17:26.184,11.68321,11.68631,0.00,0.00
2015.10.14 11:17:26.728,11.68321,11.68632,0.00,0.00
2015.10.14 11:17:27.054,11.68401,11.68641,0.00,0.00
2015.10.14 11:17:27.105,11.68401,11.68681,0.00,0.00
2015.10.14 11:17:27.267,11.68389,11.68729,0.00,0.00
2015.10.14 11:17:28.428,11.68389,11.68731,0.00,0.00
2015.10.14 11:17:31.092,11.68389,11.68711,0.00,0.00
2015.10.14 11:17:31.632,11.68389,11.68712,0.00,0.00
2015.10.14 11:17:32.074,11.68389,11.68731,0.00,0.00
2015.10.14 11:17:32.735,11.68388,11.68732,0.00,0.00
2015.10.14 11:17:33.596,11.68388,11.68722,0.00,0.00
2015.10.14 11:17:33.697,11.68388,11.68732,0.00,0.00
2015.10.14 11:17:33.797,11.68388,11.68712,0.00,0.00
2015.10.14 11:17:34.100,11.68388,11.68702,0.00,0.00
2015.10.14 11:17:34.407,11.68388,11.6867,0.00,0.00
2015.10.14 11:17:34.559,11.68339,11.68662,0.00,0.00
2015.10.14 11:17:34.610,11.68302,11.68631,0.00,0.00
2015.10.14 11:17:37.001,11.68302,11.68622,0.00,0.00
2015.10.14 11:17:37.438,11.68302,11.6862,0.00,0.00
2015.10.14 11:17:37.653,11.68302,11.68631,0.00,0.00
2015.10.14 11:17:37.704,11.68302,11.68621,0.00,0.00
2015.10.14 11:17:38.241,11.68302,11.68631,0.00,0.00
2015.10.14 11:17:46.594,11.68302,11.68582,0.00,0.00
2015.10.14 11:17:46.761,11.68238,11.68552,0.00,0.00
2015.10.14 11:17:46.814,11.68212,11.68532,0.00,0.00
2015.10.14 11:17:51.213,11.68212,11.68481,0.00,0.00
2015.10.14 11:17:51.364,11.68152,11.68481,0.00,0.00
2015.10.14 11:18:01.104,11.68152,11.68478,0.00,0.00
2015.10.14 11:18:01.454,11.68111,11.68432,0.00,0.00
2015.10.14 11:18:02.034,11.68133,11.68471,0.00,0.00
2015.10.14 11:18:02.135,11.68154,11.68482,0.00,0.00
2015.10.14 11:18:02.479,11.68196,11.68481,0.00,0.00
2015.10.14 11:18:02.630,11.68196,11.68531,0.00,0.00
2015.10.14 11:18:03.182,11.68196,11.68522,0.00,0.00
2015.10.14 11:18:05.160,11.68196,11.68511,0.00,0.00
2015.10.14 11:18:05.261,11.68196,11.68531,0.00,0.00
2015.10.14 11:18:06.873,11.68196,11.68521,0.00,0.00
2015.10.14 11:18:08.917,11.68196,11.68502,0.00,0.00
2015.10.14 11:18:09.120,11.68196,11.68521,0.00,0.00
2015.10.14 11:18:10.411,11.68201,11.68531,0.00,0.00
2015.10.14 11:18:10.666,11.68201,11.68522,0.00,0.00
2015.10.14 11:18:11.277,11.68201,11.68531,0.00,0.00
2015.10.14 11:18:11.578,11.68201,11.68522,0.00,0.00
2015.10.14 11:18:11.679,11.68209,11.68531,0.00,0.00
2015.10.14 11:18:11.912,11.68201,11.68522,0.00,0.00
2015.10.14 11:18:12.027,11.68201,11.68531,0.00,0.00
2015.10.14 11:18:15.391,11.68201,11.68522,0.00,0.00
2015.10.14 11:18:15.492,11.68201,11.68531,0.00,0.00
2015.10.14 11:18:15.997,11.68202,11.68531,0.00,0.00
2015.10.14 11:18:21.630,11.68419,11.68562,0.00,0.00
2015.10.14 11:18:21.730,11.68461,11.68652,0.00,0.00
2015.10.14 11:18:21.807,11.68461,11.68722,0.00,0.00
2015.10.14 11:18:21.907,11.68461,11.68692,0.00,0.00
2015.10.14 11:18:22.184,11.68461,11.68732,0.00,0.00
2015.10.14 11:18:23.111,11.68461,11.68731,0.00,0.00
2015.10.14 11:18:23.232,11.68461,11.68691,0.00,0.00
2015.10.14 11:18:23.913,11.68461,11.68701,0.00,0.00
2015.10.14 11:18:24.014,11.68461,11.68721,0.00,0.00
2015.10.14 11:18:24.241,11.68461,11.68692,0.00,0.00
2015.10.14 11:18:25.023,11.68461,11.68682,0.00,0.00
2015.10.14 11:18:25.189,11.68421,11.68682,0.00,0.00
2015.10.14 11:18:25.240,11.68421,11.68662,0.00,0.00
2015.10.14 11:18:25.603,11.68421,11.68651,0.00,0.00
2015.10.14 11:18:26.160,11.68421,11.68661,0.00,0.00
2015.10.14 11:18:26.331,11.68421,11.6868,0.00,0.00
2015.10.14 11:18:26.893,11.68421,11.68631,0.00,0.00
2015.10.14 11:18:27.044,11.68371,11.68631,0.00,0.00
2015.10.14 11:18:27.145,11.68371,11.68621,0.00,0.00
2015.10.14 11:18:27.422,11.68371,11.68631,0.00,0.00
2015.10.14 11:18:27.628,11.68351,11.68631,0.00,0.00
2015.10.14 11:18:29.170,11.68352,11.68631,0.00,0.00
2015.10.14 11:18:29.221,11.68392,11.68632,0.00,0.00
2015.10.14 11:18:29.272,11.68392,11.68662,0.00,0.00
2015.10.14 11:18:29.423,11.68392,11.68631,0.00,0.00
2015.10.14 11:18:29.579,11.68352,11.68631,0.00,0.00
2015.10.14 11:18:31.630,11.68352,11.68662,0.00,0.00
2015.10.14 11:18:31.781,11.68392,11.68662,0.00,0.00
2015.10.14 11:18:32.441,11.68392,11.68651,0.00,0.00
2015.10.14 11:18:32.783,11.68392,11.68632,0.00,0.00
2015.10.14 11:18:32.834,11.68392,11.68651,0.00,0.00
2015.10.14 11:18:33.668,11.68402,11.68671,0.00,0.00
2015.10.14 11:18:33.871,11.68422,11.68681,0.00,0.00
2015.10.14 11:18:34.176,11.68402,11.68621,0.00,0.00
2015.10.14 11:18:34.328,11.68342,11.68622,0.00,0.00
2015.10.14 11:18:34.378,11.68342,11.68612,0.00,0.00
2015.10.14 11:18:34.690,11.68342,11.68601,0.00,0.00
2015.10.14 11:18:35.435,11.68342,11.68622,0.00,0.00
2015.10.14 11:18:35.486,11.68322,11.68622,0.00,0.00
2015.10.14 11:18:35.537,11.68322,11.68602,0.00,0.00
2015.10.14 11:18:35.736,11.68322,11.68622,0.00,0.00
2015.10.14 11:18:35.844,11.68322,11.68581,0.00,0.00
2015.10.14 11:18:35.996,11.68242,11.68532,0.00,0.00
2015.10.14 11:18:36.592,11.68242,11.68531,0.00,0.00
2015.10.14 11:18:37.257,11.68242,11.68532,0.00,0.00
2015.10.14 11:18:37.740,11.68242,11.68522,0.00,0.00
2015.10.14 11:18:38.060,11.68242,11.68532,0.00,0.00
2015.10.14 11:18:38.581,11.68242,11.68521,0.00,0.00
2015.10.14 11:18:39.102,11.68201,11.68521,0.00,0.00
2015.10.14 11:18:39.968,11.68201,11.68532,0.00,0.00
2015.10.14 11:18:40.361,11.68201,11.68522,0.00,0.00
2015.10.14 11:18:40.975,11.68201,11.68532,0.00,0.00
2015.10.14 11:18:43.651,11.68201,11.68531,0.00,0.00
2015.10.14 11:18:43.805,11.68201,11.68471,0.00,0.00
2015.10.14 11:18:43.862,11.68152,11.68431,0.00,0.00
2015.10.14 11:18:43.963,11.68152,11.68421,0.00,0.00
2015.10.14 11:18:44.260,11.68152,11.68432,0.00,0.00
2015.10.14 11:18:44.491,11.68152,11.68421,0.00,0.00
2015.10.14 11:18:44.592,11.68152,11.68432,0.00,0.00
2015.10.14 11:18:45.139,11.68122,11.68432,0.00,0.00
2015.10.14 11:18:45.798,11.68122,11.68422,0.00,0.00
2015.10.14 11:18:46.606,11.68102,11.68422,0.00,0.00
2015.10.14 11:18:48.660,11.68102,11.68432,0.00,0.00
2015.10.14 11:18:48.761,11.68102,11.68422,0.00,0.00
2015.10.14 11:18:49.561,11.68102,11.68432,0.00,0.00
2015.10.14 11:18:49.662,11.68102,11.68422,0.00,0.00
2015.10.14 11:18:50.491,11.68088,11.68422,0.00,0.00
2015.10.14 11:18:51.101,11.68088,11.68432,0.00,0.00
2015.10.14 11:18:56.591,11.68188,11.68462,0.00,0.00
2015.10.14 11:18:56.867,11.68188,11.6851,0.00,0.00
2015.10.14 11:18:56.918,11.68188,11.68532,0.00,0.00
2015.10.14 11:18:57.019,11.68188,11.68512,0.00,0.00
2015.10.14 11:18:57.221,11.68188,11.68521,0.00,0.00
2015.10.14 11:18:57.394,11.68188,11.68532,0.00,0.00
2015.10.14 11:18:57.775,11.68188,11.68522,0.00,0.00
2015.10.14 11:18:58.164,11.68199,11.68532,0.00,0.00
2015.10.14 11:18:58.564,11.68189,11.68521,0.00,0.00
2015.10.14 11:18:59.165,11.6819,11.68521,0.00,0.00
2015.10.14 11:18:59.674,11.68189,11.68531,0.00,0.00
2015.10.14 11:18:59.825,11.68201,11.68532,0.00,0.00
2015.10.14 11:19:00.286,11.68209,11.68532,0.00,0.00
2015.10.14 11:19:00.387,11.68201,11.68532,0.00,0.00
2015.10.14 11:19:00.881,11.68201,11.68522,0.00,0.00
2015.10.14 11:19:02.409,11.68201,11.68512,0.00,0.00
2015.10.14 11:19:02.460,11.6819,11.68512,0.00,0.00
2015.10.14 11:19:02.579,11.68188,11.68512,0.00,0.00
2015.10.14 11:19:02.630,11.68188,11.68502,0.00,0.00
2015.10.14 11:19:03.317,11.68188,11.68532,0.00,0.00
2015.10.14 11:19:04.124,11.68188,11.68522,0.00,0.00
2015.10.14 11:19:04.645,11.68288,11.68581,0.00,0.00
2015.10.14 11:19:04.847,11.68188,11.68502,0.00,0.00
2015.10.14 11:19:06.124,11.68188,11.68522,0.00,0.00
2015.10.14 11:19:06.644,11.68188,11.68501,0.00,0.00
2015.10.14 11:19:07.896,11.68188,11.68522,0.00,0.00
2015.10.14 11:19:08.031,11.68182,11.68482,0.00,0.00
2015.10.14 11:19:08.142,11.68138,11.68451,0.00,0.00
2015.10.14 11:19:08.197,11.68138,11.68422,0.00,0.00
2015.10.14 11:19:08.298,11.6809,11.68422,0.00,0.00
2015.10.14 11:19:08.400,11.68089,11.68411,0.00,0.00
2015.10.14 11:19:08.599,11.68088,11.68422,0.00,0.00
2015.10.14 11:19:08.700,11.68088,11.68411,0.00,0.00
2015.10.14 11:19:09.801,11.68088,11.68422,0.00,0.00
2015.10.14 11:19:09.928,11.68088,11.68432,0.00,0.00
2015.10.14 11:19:10.503,11.68088,11.68422,0.00,0.00
2015.10.14 11:19:11.104,11.68088,11.68412,0.00,0.00
2015.10.14 11:19:11.304,11.68088,11.68422,0.00,0.00
2015.10.14 11:19:12.006,11.68088,11.68432,0.00,0.00
2015.10.14 11:19:12.107,11.68088,11.68421,0.00,0.00
2015.10.14 11:19:12.843,11.68088,11.68431,0.00,0.00
2015.10.14 11:19:13.511,11.68088,11.68432,0.00,0.00
2015.10.14 11:19:13.711,11.68088,11.68402,0.00,0.00
2015.10.14 11:19:14.125,11.68088,11.68412,0.00,0.00
2015.10.14 11:19:14.694,11.68088,11.68411,0.00,0.00
2015.10.14 11:19:14.814,11.68088,11.68421,0.00,0.00
2015.10.14 11:19:15.134,11.68088,11.68432,0.00,0.00
2015.10.14 11:19:16.957,11.68088,11.68422,0.00,0.00
2015.10.14 11:19:17.220,11.68088,11.68432,0.00,0.00
2015.10.14 11:19:21.452,11.68089,11.68431,0.00,0.00
2015.10.14 11:19:23.836,11.68089,11.68422,0.00,0.00
2015.10.14 11:19:24.184,11.68089,11.6842,0.00,0.00
2015.10.14 11:19:24.790,11.68089,11.68421,0.00,0.00
2015.10.14 11:19:25.285,11.68089,11.68411,0.00,0.00
2015.10.14 11:19:25.487,11.67988,11.68322,0.00,0.00
2015.10.14 11:19:25.588,11.67988,11.68332,0.00,0.00
2015.10.14 11:19:25.641,11.67988,11.68321,0.00,0.00
2015.10.14 11:19:25.742,11.67988,11.68332,0.00,0.00
2015.10.14 11:19:26.025,11.67988,11.68321,0.00,0.00
2015.10.14 11:19:26.391,11.67988,11.68311,0.00,0.00
2015.10.14 11:19:26.644,11.67988,11.68332,0.00,0.00
2015.10.14 11:19:27.222,11.67988,11.68331,0.00,0.00
2015.10.14 11:19:28.294,11.67988,11.68311,0.00,0.00
2015.10.14 11:19:28.547,11.67988,11.68321,0.00,0.00
2015.10.14 11:19:28.648,11.67971,11.68241,0.00,0.00
2015.10.14 11:19:28.755,11.67938,11.68241,0.00,0.00
2015.10.14 11:19:29.111,11.67939,11.68252,0.00,0.00
2015.10.14 11:19:29.161,11.67939,11.68241,0.00,0.00
2015.10.14 11:19:29.591,11.67921,11.68232,0.00,0.00
2015.10.14 11:19:29.742,11.67889,11.68232,0.00,0.00
2015.10.14 11:19:30.451,11.67888,11.68232,0.00,0.00
2015.10.14 11:19:30.954,11.67888,11.68211,0.00,0.00
2015.10.14 11:19:31.495,11.67888,11.68222,0.00,0.00
2015.10.14 11:19:31.556,11.67888,11.68191,0.00,0.00
2015.10.14 11:19:31.756,11.67888,11.68231,0.00,0.00
2015.10.14 11:19:31.857,11.67888,11.68222,0.00,0.00
2015.10.14 11:19:32.166,11.67849,11.68131,0.00,0.00
2015.10.14 11:19:32.216,11.67822,11.68131,0.00,0.00
2015.10.14 11:19:32.267,11.67839,11.68181,0.00,0.00
2015.10.14 11:19:35.325,11.67822,11.68132,0.00,0.00
2015.10.14 11:19:35.527,11.67788,11.68132,0.00,0.00
2015.10.14 11:19:36.078,11.67789,11.68132,0.00,0.00
2015.10.14 11:19:36.129,11.67888,11.68168,0.00,0.00
2015.10.14 11:19:36.230,11.67888,11.68229,0.00,0.00
2015.10.14 11:19:36.281,11.67888,11.68231,0.00,0.00
2015.10.14 11:19:37.623,11.67862,11.68182,0.00,0.00
2015.10.14 11:19:37.979,11.67872,11.68182,0.00,0.00
2015.10.14 11:19:38.030,11.67888,11.68229,0.00,0.00
2015.10.14 11:19:39.054,11.67888,11.68212,0.00,0.00
2015.10.14 11:19:39.104,11.67888,11.68222,0.00,0.00
2015.10.14 11:19:39.476,11.67888,11.68232,0.00,0.00
2015.10.14 11:19:39.777,11.67888,11.68191,0.00,0.00
2015.10.14 11:19:40.113,11.67788,11.68132,0.00,0.00
2015.10.14 11:19:40.279,11.67808,11.68132,0.00,0.00
2015.10.14 11:19:41.401,11.67789,11.68132,0.00,0.00
2015.10.14 11:19:41.683,11.67808,11.68132,0.00,0.00
2015.10.14 11:19:44.320,11.67808,11.68078,0.00,0.00
2015.10.14 11:19:44.591,11.67718,11.68031,0.00,0.00
2015.10.14 11:19:46.292,11.67748,11.68031,0.00,0.00
2015.10.14 11:19:46.494,11.67719,11.68022,0.00,0.00
2015.10.14 11:19:49.600,11.67749,11.68022,0.00,0.00
2015.10.14 11:19:50.302,11.67708,11.68022,0.00,0.00
2015.10.14 11:19:55.426,11.67689,11.68022,0.00,0.00
2015.10.14 11:19:56.122,11.6769,11.68022,0.00,0.00
2015.10.14 11:19:56.216,11.67699,11.68022,0.00,0.00
2015.10.14 11:19:57.860,11.67729,11.68022,0.00,0.00
2015.10.14 11:20:00.251,11.67699,11.68022,0.00,0.00
2015.10.14 11:20:00.967,11.67728,11.68022,0.00,0.00
2015.10.14 11:20:06.385,11.67698,11.68022,0.00,0.00
2015.10.14 11:20:07.253,11.677,11.68022,0.00,0.00
2015.10.14 11:20:07.596,11.67698,11.68022,0.00,0.00
2015.10.14 11:20:14.475,11.67689,11.68022,0.00,0.00
2015.10.14 11:20:14.869,11.67719,11.68022,0.00,0.00
2015.10.14 11:20:16.396,11.67689,11.68022,0.00,0.00
2015.10.14 11:20:16.581,11.67708,11.68022,0.00,0.00
2015.10.14 11:20:18.971,11.67688,11.68022,0.00,0.00
2015.10.14 11:20:19.022,11.67708,11.68022,0.00,0.00
2015.10.14 11:20:26.314,11.67701,11.68022,0.00,0.00
2015.10.14 11:20:26.365,11.67701,11.67921,0.00,0.00
2015.10.14 11:20:26.905,11.67601,11.67922,0.00,0.00
2015.10.14 11:20:30.452,11.67558,11.67871,0.00,0.00
2015.10.14 11:20:30.754,11.67618,11.67871,0.00,0.00
2015.10.14 11:20:30.805,11.67618,11.67921,0.00,0.00
2015.10.14 11:20:31.323,11.67589,11.67921,0.00,0.00
2015.10.14 11:20:31.722,11.67608,11.67921,0.00,0.00
2015.10.14 11:20:32.098,11.67862,11.67971,0.00,0.00
2015.10.14 11:20:32.199,11.67902,11.68032,0.00,0.00
2015.10.14 11:20:32.250,11.67902,11.68141,0.00,0.00
2015.10.14 11:20:32.351,11.67902,11.68222,0.00,0.00
2015.10.14 11:20:34.724,11.67902,11.6819,0.00,0.00
2015.10.14 11:20:35.038,11.67852,11.6817,0.00,0.00
2015.10.14 11:20:35.088,11.67852,11.68151,0.00,0.00
2015.10.14 11:20:35.518,11.67852,11.68122,0.00,0.00
2015.10.14 11:20:36.334,11.67801,11.68122,0.00,0.00
2015.10.14 11:20:37.946,11.67809,11.68122,0.00,0.00
2015.10.14 11:20:37.999,11.67801,11.68122,0.00,0.00
2015.10.14 11:20:39.912,11.6781,11.68122,0.00,0.00
2015.10.14 11:20:40.308,11.67801,11.68122,0.00,0.00
2015.10.14 11:20:41.368,11.67768,11.68072,0.00,0.00
2015.10.14 11:20:41.469,11.67758,11.68072,0.00,0.00
2015.10.14 11:20:41.570,11.67751,11.68072,0.00,0.00
2015.10.14 11:20:43.074,11.67788,11.68102,0.00,0.00
2015.10.14 11:20:43.376,11.67801,11.68122,0.00,0.00
2015.10.14 11:20:43.730,11.67801,11.68101,0.00,0.00
2015.10.14 11:20:44.076,11.67801,11.68121,0.00,0.00
2015.10.14 11:20:44.435,11.67801,11.68071,0.00,0.00
2015.10.14 11:20:44.486,11.67751,11.68071,0.00,0.00
2015.10.14 11:20:45.129,11.67758,11.68071,0.00,0.00
2015.10.14 11:20:45.387,11.67788,11.68122,0.00,0.00
2015.10.14 11:20:45.903,11.67801,11.68122,0.00,0.00
2015.10.14 11:20:52.102,11.67748,11.68022,0.00,0.00
2015.10.14 11:20:52.153,11.6774,11.68022,0.00,0.00
2015.10.14 11:20:52.204,11.67729,11.68022,0.00,0.00
2015.10.14 11:20:52.305,11.67701,11.68022,0.00,0.00
2015.10.14 11:20:52.687,11.67708,11.68022,0.00,0.00
2015.10.14 11:20:55.180,11.67701,11.68022,0.00,0.00
2015.10.14 11:21:10.500,11.67701,11.67922,0.00,0.00
2015.10.14 11:21:10.702,11.67608,11.67922,0.00,0.00
2015.10.14 11:21:13.103,11.67639,11.6795,0.00,0.00
2015.10.14 11:21:13.211,11.67651,11.67971,0.00,0.00
2015.10.14 11:21:13.312,11.67678,11.67971,0.00,0.00
2015.10.14 11:21:13.362,11.67688,11.6801,0.00,0.00
2015.10.14 11:21:13.413,11.67699,11.68022,0.00,0.00
2015.10.14 11:21:13.516,11.67688,11.68022,0.00,0.00
2015.10.14 11:21:13.617,11.67698,11.68022,0.00,0.00
2015.10.14 11:21:14.565,11.67698,11.67972,0.00,0.00
2015.10.14 11:21:14.616,11.67651,11.67972,0.00,0.00
2015.10.14 11:21:15.210,11.67688,11.6798,0.00,0.00
2015.10.14 11:21:15.451,11.67701,11.68022,0.00,0.00
2015.10.14 11:21:15.502,11.67708,11.68022,0.00,0.00
2015.10.14 11:21:16.901,11.6771,11.68022,0.00,0.00
2015.10.14 11:21:18.274,11.67751,11.68022,0.00,0.00
2015.10.14 11:21:18.497,11.67779,11.68071,0.00,0.00
2015.10.14 11:21:18.604,11.67788,11.68122,0.00,0.00
2015.10.14 11:21:18.728,11.67751,11.68031,0.00,0.00
2015.10.14 11:21:19.056,11.67751,11.6802,0.00,0.00
2015.10.14 11:21:19.312,11.67751,11.68022,0.00,0.00
2015.10.14 11:21:19.685,11.67701,11.68022,0.00,0.00
2015.10.14 11:21:19.785,11.67688,11.68022,0.00,0.00
2015.10.14 11:21:19.835,11.67669,11.67972,0.00,0.00
2015.10.14 11:21:19.917,11.67662,11.67972,0.00,0.00
2015.10.14 11:21:19.968,11.67659,11.67972,0.00,0.00
2015.10.14 11:21:20.118,11.67639,11.67972,0.00,0.00
2015.10.14 11:21:20.934,11.67641,11.67972,0.00,0.00
2015.10.14 11:21:21.270,11.67689,11.68009,0.00,0.00
2015.10.14 11:21:21.652,11.67689,11.68021,0.00,0.00
2015.10.14 11:21:27.825,11.67699,11.68021,0.00,0.00
2015.10.14 11:21:29.114,11.67689,11.68021,0.00,0.00
2015.10.14 11:21:29.165,11.67659,11.67971,0.00,0.00
2015.10.14 11:21:29.467,11.67578,11.67871,0.00,0.00
2015.10.14 11:21:29.780,11.67538,11.67822,0.00,0.00
2015.10.14 11:21:29.831,11.67518,11.67822,0.00,0.00
2015.10.14 11:21:31.147,11.67539,11.67822,0.00,0.00
2015.10.14 11:21:32.061,11.67508,11.67822,0.00,0.00
2015.10.14 11:21:33.928,11.67529,11.67822,0.00,0.00
2015.10.14 11:21:34.433,11.67528,11.67822,0.00,0.00
2015.10.14 11:21:42.398,11.67498,11.67822,0.00,0.00
2015.10.14 11:21:42.448,11.67498,11.6782,0.00,0.00
2015.10.14 11:21:42.954,11.67498,11.67808,0.00,0.00
2015.10.14 11:21:43.666,11.67528,11.67808,0.00,0.00
2015.10.14 11:21:44.151,11.67499,11.67808,0.00,0.00
2015.10.14 11:21:44.681,11.67458,11.67722,0.00,0.00
2015.10.14 11:21:44.782,11.67428,11.67722,0.00,0.00
2015.10.14 11:21:47.562,11.67458,11.67722,0.00,0.00
2015.10.14 11:21:48.470,11.67418,11.67722,0.00,0.00
2015.10.14 11:21:52.401,11.67418,11.6768,0.00,0.00
2015.10.14 11:21:52.452,11.67339,11.67671,0.00,0.00
2015.10.14 11:21:56.178,11.67369,11.67671,0.00,0.00
2015.10.14 11:21:56.279,11.67389,11.67719,0.00,0.00
2015.10.14 11:22:05.126,11.67389,11.67708,0.00,0.00
2015.10.14 11:22:05.176,11.67338,11.67672,0.00,0.00
2015.10.14 11:22:08.651,11.67339,11.67671,0.00,0.00
2015.10.14 11:22:13.051,11.67338,11.67672,0.00,0.00
2015.10.14 11:22:19.463,11.67388,11.67688,0.00,0.00
2015.10.14 11:22:19.514,11.67388,11.67722,0.00,0.00
2015.10.14 11:22:21.661,11.67342,11.67672,0.00,0.00
2015.10.14 11:22:22.152,11.67348,11.67672,0.00,0.00
2015.10.14 11:22:24.290,11.67348,11.6766,0.00,0.00
2015.10.14 11:22:24.340,11.67338,11.67659,0.00,0.00
2015.10.14 11:22:24.391,11.67309,11.67621,0.00,0.00
2015.10.14 11:22:24.712,11.67339,11.67621,0.00,0.00
2015.10.14 11:22:25.514,11.67299,11.67621,0.00,0.00
2015.10.14 11:22:26.179,11.67298,11.67621,0.00,0.00
2015.10.14 11:22:27.837,11.67319,11.67621,0.00,0.00
2015.10.14 11:22:28.130,11.67299,11.67621,0.00,0.00
2015.10.14 11:22:28.521,11.67318,11.67621,0.00,0.00
2015.10.14 11:22:28.622,11.67242,11.67572,0.00,0.00
2015.10.14 11:22:28.723,11.67238,11.67572,0.00,0.00
2015.10.14 11:22:30.183,11.67238,11.67558,0.00,0.00
2015.10.14 11:22:30.499,11.67209,11.67522,0.00,0.00
2015.10.14 11:22:37.473,11.67209,11.67521,0.00,0.00
2015.10.14 11:22:38.094,11.67209,11.6752,0.00,0.00
2015.10.14 11:22:38.337,11.67209,11.67522,0.00,0.00
2015.10.14 11:22:38.537,11.67209,11.6752,0.00,0.00
2015.10.14 11:22:38.588,11.67188,11.6752,0.00,0.00
2015.10.14 11:22:38.921,11.67188,11.67511,0.00,0.00
2015.10.14 11:22:39.442,11.67188,11.67522,0.00,0.00
2015.10.14 11:22:39.492,11.67198,11.67522,0.00,0.00
2015.10.14 11:22:40.148,11.67218,11.67522,0.00,0.00
2015.10.14 11:22:43.006,11.67249,11.67522,0.00,0.00
2015.10.14 11:22:44.160,11.67249,11.67521,0.00,0.00
2015.10.14 11:22:44.211,11.67219,11.67521,0.00,0.00
2015.10.14 11:22:44.762,11.67249,11.6752,0.00,0.00
2015.10.14 11:22:44.964,11.67149,11.67422,0.00,0.00
2015.10.14 11:22:45.618,11.67149,11.67371,0.00,0.00
2015.10.14 11:22:45.668,11.67108,11.67371,0.00,0.00
2015.10.14 11:22:45.858,11.67039,11.67371,0.00,0.00
2015.10.14 11:22:45.966,11.67009,11.67322,0.00,0.00
2015.10.14 11:22:46.117,11.67,11.67322,0.00,0.00
2015.10.14 11:22:46.312,11.66989,11.67322,0.00,0.00
2015.10.14 11:22:50.637,11.6699,11.67322,0.00,0.00
2015.10.14 11:22:51.193,11.66989,11.67322,0.00,0.00
2015.10.14 11:22:51.709,11.66988,11.67322,0.00,0.00
2015.10.14 11:22:55.110,11.6694,11.6724,0.00,0.00
2015.10.14 11:22:55.262,11.66888,11.67222,0.00,0.00
2015.10.14 11:22:55.443,11.66888,11.6722,0.00,0.00
2015.10.14 11:22:55.544,11.66888,11.67222,0.00,0.00
2015.10.14 11:22:56.051,11.66888,11.6722,0.00,0.00
2015.10.14 11:22:57.020,11.66888,11.67221,0.00,0.00
2015.10.14 11:22:57.382,11.66849,11.67172,0.00,0.00
2015.10.14 11:22:57.729,11.6669,11.67022,0.00,0.00
2015.10.14 11:22:58.272,11.66689,11.67022,0.00,0.00
2015.10.14 11:22:58.778,11.66688,11.67022,0.00,0.00
2015.10.14 11:22:59.071,11.66888,11.67039,0.00,0.00
2015.10.14 11:22:59.121,11.66888,11.67171,0.00,0.00
2015.10.14 11:22:59.172,11.66899,11.67222,0.00,0.00
2015.10.14 11:22:59.374,11.66989,11.67259,0.00,0.00
2015.10.14 11:22:59.474,11.6698,11.67259,0.00,0.00
2015.10.14 11:22:59.575,11.66971,11.67259,0.00,0.00
2015.10.14 11:22:59.626,11.66971,11.67272,0.00,0.00
2015.10.14 11:22:59.727,11.66989,11.67321,0.00,0.00
2015.10.14 11:23:00.209,11.66989,11.6731,0.00,0.00
2015.10.14 11:23:00.260,11.66989,11.6732,0.00,0.00
2015.10.14 11:23:00.483,11.66979,11.67271,0.00,0.00
2015.10.14 11:23:00.534,11.66941,11.67271,0.00,0.00
2015.10.14 11:23:00.792,11.66988,11.6728,0.00,0.00
2015.10.14 11:23:00.842,11.66988,11.67311,0.00,0.00
2015.10.14 11:23:01.035,11.66988,11.67322,0.00,0.00
2015.10.14 11:23:01.671,11.66982,11.67222,0.00,0.00
2015.10.14 11:23:01.872,11.669,11.67222,0.00,0.00
2015.10.14 11:23:01.940,11.66891,11.67222,0.00,0.00
2015.10.14 11:23:02.332,11.66939,11.67258,0.00,0.00
2015.10.14 11:23:02.656,11.66989,11.67321,0.00,0.00
2015.10.14 11:23:05.200,11.66988,11.6731,0.00,0.00
2015.10.14 11:23:05.460,11.66948,11.67271,0.00,0.00
2015.10.14 11:23:06.504,11.66949,11.67271,0.00,0.00
2015.10.14 11:23:07.136,11.66948,11.67271,0.00,0.00
2015.10.14 11:23:08.185,11.66939,11.67271,0.00,0.00
2015.10.14 11:23:09.309,11.66989,11.67302,0.00,0.00
2015.10.14 11:23:09.359,11.66989,11.67311,0.00,0.00
2015.10.14 11:23:09.410,11.66989,11.67321,0.00,0.00
2015.10.14 11:23:09.460,11.66998,11.67321,0.00,0.00
2015.10.14 11:23:10.053,11.66989,11.6732,0.00,0.00
2015.10.14 11:23:10.543,11.66998,11.67321,0.00,0.00
2015.10.14 11:23:11.179,11.66998,11.6732,0.00,0.00
2015.10.14 11:23:11.550,11.66989,11.6732,0.00,0.00
2015.10.14 11:23:12.006,11.66989,11.6731,0.00,0.00
2015.10.14 11:23:12.557,11.66948,11.67272,0.00,0.00
2015.10.14 11:23:14.033,11.66948,11.67222,0.00,0.00
2015.10.14 11:23:14.185,11.66908,11.67222,0.00,0.00
2015.10.14 11:23:14.387,11.66938,11.67222,0.00,0.00
2015.10.14 11:23:14.543,11.66908,11.67222,0.00,0.00
2015.10.14 11:23:14.845,11.66889,11.67222,0.00,0.00
2015.10.14 11:23:14.896,11.66889,11.67172,0.00,0.00
2015.10.14 11:23:14.997,11.66918,11.6722,0.00,0.00
2015.10.14 11:23:15.960,11.66918,11.67221,0.00,0.00
2015.10.14 11:23:17.873,11.66969,11.67221,0.00,0.00
2015.10.14 11:23:17.953,11.66969,11.67259,0.00,0.00
2015.10.14 11:23:18.003,11.66981,11.67271,0.00,0.00
2015.10.14 11:23:18.104,11.67028,11.67322,0.00,0.00
2015.10.14 11:23:18.400,11.67038,11.67359,0.00,0.00
2015.10.14 11:23:18.501,11.67048,11.67359,0.00,0.00
2015.10.14 11:23:19.411,11.67048,11.67372,0.00,0.00
2015.10.14 11:23:21.251,11.67048,11.67321,0.00,0.00
2015.10.14 11:23:21.403,11.67019,11.67321,0.00,0.00
2015.10.14 11:23:21.689,11.67049,11.67321,0.00,0.00
2015.10.14 11:23:22.255,11.67049,11.67359,0.00,0.00
2015.10.14 11:23:22.710,11.67049,11.67371,0.00,0.00
2015.10.14 11:23:27.354,11.67049,11.67359,0.00,0.00
2015.10.14 11:23:27.657,11.67019,11.67322,0.00,0.00
2015.10.14 11:23:28.424,11.67039,11.67322,0.00,0.00
2015.10.14 11:23:30.429,11.67008,11.67322,0.00,0.00
2015.10.14 11:23:31.484,11.67038,11.67322,0.00,0.00
2015.10.14 11:23:35.298,11.67008,11.67322,0.00,0.00
2015.10.14 11:23:36.018,11.67048,11.67322,0.00,0.00
2015.10.14 11:23:44.916,11.67019,11.67322,0.00,0.00
2015.10.14 11:23:53.426,11.67049,11.67322,0.00,0.00
2015.10.14 11:24:00.447,11.67009,11.67322,0.00,0.00
2015.10.14 11:24:00.830,11.67038,11.67322,0.00,0.00
2015.10.14 11:24:01.169,11.67008,11.67322,0.00,0.00
2015.10.14 11:24:02.353,11.67038,11.67322,0.00,0.00
2015.10.14 11:24:02.458,11.67008,11.67322,0.00,0.00
2015.10.14 11:24:03.102,11.67008,11.67321,0.00,0.00
2015.10.14 11:24:05.959,11.67008,11.67261,0.00,0.00
2015.10.14 11:24:06.060,11.66979,11.67261,0.00,0.00
2015.10.14 11:24:06.164,11.66918,11.67221,0.00,0.00
2015.10.14 11:24:06.711,11.66918,11.67171,0.00,0.00
2015.10.14 11:24:06.762,11.66898,11.67171,0.00,0.00
2015.10.14 11:24:11.857,11.66918,11.67209,0.00,0.00
2015.10.14 11:24:11.908,11.66918,11.67222,0.00,0.00
2015.10.14 11:24:12.666,11.66888,11.6721,0.00,0.00
2015.10.14 11:24:12.767,11.66878,11.67172,0.00,0.00
2015.10.14 11:24:13.862,11.66918,11.67218,0.00,0.00
2015.10.14 11:24:14.017,11.66918,11.67221,0.00,0.00
2015.10.14 11:24:14.068,11.66918,11.67211,0.00,0.00
2015.10.14 11:24:14.191,11.66878,11.67172,0.00,0.00
2015.10.14 11:24:15.083,11.66878,11.67121,0.00,0.00
2015.10.14 11:24:15.183,11.66838,11.67121,0.00,0.00
2015.10.14 11:24:17.164,11.66878,11.67121,0.00,0.00
2015.10.14 11:24:17.454,11.66798,11.67072,0.00,0.00
2015.10.14 11:24:18.589,11.66798,11.67021,0.00,0.00
2015.10.14 11:24:18.690,11.66779,11.67021,0.00,0.00
2015.10.14 11:24:18.791,11.66788,11.67021,0.00,0.00
2015.10.14 11:24:18.856,11.66758,11.67021,0.00,0.00
2015.10.14 11:24:22.196,11.66788,11.67079,0.00,0.00
2015.10.14 11:24:22.247,11.66788,11.67111,0.00,0.00
2015.10.14 11:24:22.297,11.66819,11.67111,0.00,0.00
2015.10.14 11:24:22.683,11.66859,11.67122,0.00,0.00
2015.10.14 11:24:22.885,11.66759,11.67061,0.00,0.00
2015.10.14 11:24:22.959,11.66759,11.67022,0.00,0.00
2015.10.14 11:24:24.865,11.66789,11.67022,0.00,0.00
2015.10.14 11:24:24.966,11.66768,11.67022,0.00,0.00
2015.10.14 11:24:26.830,11.66768,11.67011,0.00,0.00
2015.10.14 11:24:26.881,11.66748,11.67011,0.00,0.00
2015.10.14 11:24:27.400,11.66748,11.6701,0.00,0.00
2015.10.14 11:24:27.609,11.66748,11.67022,0.00,0.00
2015.10.14 11:24:27.669,11.66779,11.67022,0.00,0.00
2015.10.14 11:24:28.670,11.66768,11.67022,0.00,0.00
2015.10.14 11:24:31.342,11.66748,11.67022,0.00,0.00
2015.10.14 11:24:31.675,11.66778,11.67022,0.00,0.00
2015.10.14 11:24:31.876,11.66768,11.67022,0.00,0.00
2015.10.14 11:24:35.489,11.66739,11.67022,0.00,0.00
2015.10.14 11:24:36.079,11.66739,11.67021,0.00,0.00
2015.10.14 11:24:40.858,11.66769,11.67021,0.00,0.00
2015.10.14 11:24:44.930,11.66738,11.67021,0.00,0.00
2015.10.14 11:24:47.439,11.66779,11.67021,0.00,0.00
2015.10.14 11:24:48.342,11.66759,11.67021,0.00,0.00
2015.10.14 11:24:53.821,11.66778,11.67021,0.00,0.00
2015.10.14 11:24:53.872,11.66778,11.67072,0.00,0.00
2015.10.14 11:24:53.923,11.66801,11.67072,0.00,0.00
2015.10.14 11:24:53.981,11.66801,11.67121,0.00,0.00
2015.10.14 11:24:54.031,11.66839,11.67121,0.00,0.00
2015.10.14 11:24:58.025,11.66801,11.67121,0.00,0.00
2015.10.14 11:24:58.076,11.66801,11.6698,0.00,0.00
2015.10.14 11:24:58.127,11.66742,11.6698,0.00,0.00
2015.10.14 11:24:58.178,11.66738,11.66961,0.00,0.00
2015.10.14 11:24:58.279,11.66669,11.66921,0.00,0.00
2015.10.14 11:24:59.919,11.66669,11.66961,0.00,0.00
2015.10.14 11:24:59.970,11.66669,11.66972,0.00,0.00
2015.10.14 11:25:00.026,11.66698,11.66972,0.00,0.00
2015.10.14 11:25:00.366,11.66719,11.66972,0.00,0.00
2015.10.14 11:25:02.044,11.66709,11.66972,0.00,0.00
2015.10.14 11:25:08.456,11.66689,11.66972,0.00,0.00
2015.10.14 11:25:11.421,11.66729,11.67021,0.00,0.00
2015.10.14 11:25:11.472,11.66778,11.67021,0.00,0.00
2015.10.14 11:25:11.670,11.66708,11.6698,0.00,0.00
2015.10.14 11:25:11.720,11.66708,11.66922,0.00,0.00
2015.10.14 11:25:11.771,11.66702,11.66922,0.00,0.00
2015.10.14 11:25:12.047,11.66668,11.66922,0.00,0.00
2015.10.14 11:25:12.186,11.66698,11.66922,0.00,0.00
