2014.02.21 12:00:00.209,13.21448,13.21708,0.00,0.00
2014.02.21 12:00:00.557,13.21189,13.21449,0.00,0.00
2014.02.21 12:00:00.871,13.2114,13.214,0.00,0.00
2014.02.21 12:00:01.195,13.2113,13.2139,0.00,0.00
2014.02.21 12:00:03.115,13.21146,13.21406,0.00,0.00
2014.02.21 12:00:05.435,13.21236,13.21437,0.00,0.00
2014.02.21 12:00:05.485,13.21236,13.21458,0.00,0.00
2014.02.21 12:00:05.586,13.21276,13.21468,0.00,0.00
2014.02.21 12:00:05.636,13.21276,13.21536,0.00,0.00
2014.02.21 12:00:05.875,13.21296,13.21556,0.00,0.00
2014.02.21 12:00:11.870,13.21298,13.21578,0.00,0.00
2014.02.21 12:00:12.183,13.21317,13.21577,0.00,0.00
2014.02.21 12:00:12.746,13.21362,13.21622,0.00,0.00
2014.02.21 12:00:14.029,13.21362,13.21607,0.00,0.00
2014.02.21 12:00:14.080,13.21312,13.21572,0.00,0.00
2014.02.21 12:00:14.153,13.21297,13.21557,0.00,0.00
2014.02.21 12:00:14.469,13.21269,13.21529,0.00,0.00
2014.02.21 12:00:14.630,13.21357,13.21637,0.00,0.00
2014.02.21 12:00:14.922,13.21342,13.21622,0.00,0.00
2014.02.21 12:00:15.291,13.21357,13.21637,0.00,0.00
2014.02.21 12:00:16.294,13.21377,13.21637,0.00,0.00
2014.02.21 12:00:17.872,13.21356,13.21616,0.00,0.00
2014.02.21 12:00:19.502,13.21346,13.21616,0.00,0.00
2014.02.21 12:00:19.612,13.21303,13.21508,0.00,0.00
2014.02.21 12:00:19.662,13.21248,13.21508,0.00,0.00
2014.02.21 12:00:19.941,13.21263,13.21523,0.00,0.00
2014.02.21 12:00:20.242,13.21247,13.21507,0.00,0.00
2014.02.21 12:00:20.544,13.2124,13.215,0.00,0.00
2014.02.21 12:00:21.766,13.21256,13.21516,0.00,0.00
2014.02.21 12:00:22.760,13.21275,13.21535,0.00,0.00
2014.02.21 12:00:23.025,13.21276,13.21537,0.00,0.00
2014.02.21 12:00:23.076,13.21276,13.21556,0.00,0.00
2014.02.21 12:00:23.126,13.21296,13.21576,0.00,0.00
2014.02.21 12:00:26.579,13.21284,13.21544,0.00,0.00
2014.02.21 12:00:28.101,13.21295,13.21555,0.00,0.00
2014.02.21 12:00:28.409,13.21286,13.21546,0.00,0.00
2014.02.21 12:00:28.739,13.21245,13.21505,0.00,0.00
2014.02.21 12:00:29.154,13.2123,13.2149,0.00,0.00
2014.02.21 12:00:29.472,13.21279,13.21539,0.00,0.00
2014.02.21 12:00:29.838,13.21214,13.21474,0.00,0.00
2014.02.21 12:00:30.170,13.21238,13.21498,0.00,0.00
2014.02.21 12:00:31.148,13.21247,13.21507,0.00,0.00
2014.02.21 12:00:31.696,13.21256,13.21516,0.00,0.00
2014.02.21 12:00:31.998,13.21225,13.21485,0.00,0.00
2014.02.21 12:00:32.399,13.21215,13.21475,0.00,0.00
2014.02.21 12:00:33.531,13.21242,13.21502,0.00,0.00
2014.02.21 12:00:34.155,13.21255,13.21515,0.00,0.00
2014.02.21 12:00:35.199,13.21256,13.21516,0.00,0.00
2014.02.21 12:00:36.646,13.21245,13.21505,0.00,0.00
2014.02.21 12:00:38.047,13.21256,13.21516,0.00,0.00
2014.02.21 12:00:39.347,13.21245,13.21505,0.00,0.00
2014.02.21 12:00:40.876,13.21256,13.21516,0.00,0.00
2014.02.21 12:00:41.209,13.21272,13.21532,0.00,0.00
2014.02.21 12:00:42.080,13.21282,13.21542,0.00,0.00
2014.02.21 12:00:42.500,13.213,13.2156,0.00,0.00
2014.02.21 12:00:42.849,13.2129,13.2155,0.00,0.00
2014.02.21 12:00:45.228,13.21316,13.21576,0.00,0.00
2014.02.21 12:00:45.682,13.21342,13.21576,0.00,0.00
2014.02.21 12:00:45.736,13.21397,13.21657,0.00,0.00
2014.02.21 12:00:45.925,13.21395,13.21655,0.00,0.00
2014.02.21 12:00:46.247,13.21389,13.21649,0.00,0.00
2014.02.21 12:00:46.679,13.2138,13.2164,0.00,0.00
2014.02.21 12:00:49.451,13.21365,13.21625,0.00,0.00
2014.02.21 12:00:50.173,13.21364,13.21624,0.00,0.00
2014.02.21 12:00:50.474,13.21335,13.21595,0.00,0.00
2014.02.21 12:00:52.260,13.21364,13.21624,0.00,0.00
2014.02.21 12:00:52.569,13.21386,13.21646,0.00,0.00
2014.02.21 12:00:52.874,13.21345,13.21605,0.00,0.00
2014.02.21 12:00:53.183,13.21361,13.21621,0.00,0.00
2014.02.21 12:00:53.741,13.21361,13.21607,0.00,0.00
2014.02.21 12:00:53.843,13.2129,13.2155,0.00,0.00
2014.02.21 12:00:56.941,13.21307,13.21567,0.00,0.00
2014.02.21 12:00:57.265,13.2129,13.2155,0.00,0.00
2014.02.21 12:00:58.021,13.21275,13.21535,0.00,0.00
2014.02.21 12:00:58.241,13.21226,13.21516,0.00,0.00
2014.02.21 12:00:58.487,13.21222,13.21482,0.00,0.00
2014.02.21 12:00:59.483,13.21236,13.21496,0.00,0.00
2014.02.21 12:00:59.907,13.21242,13.21496,0.00,0.00
2014.02.21 12:00:59.958,13.21262,13.21522,0.00,0.00
2014.02.21 12:01:00.058,13.21287,13.21547,0.00,0.00
2014.02.21 12:01:00.524,13.21301,13.21561,0.00,0.00
2014.02.21 12:01:03.040,13.2128,13.2154,0.00,0.00
2014.02.21 12:01:05.095,13.2126,13.2152,0.00,0.00
2014.02.21 12:01:07.369,13.2125,13.2151,0.00,0.00
2014.02.21 12:01:10.226,13.2119,13.2145,0.00,0.00
2014.02.21 12:01:11.202,13.2117,13.2143,0.00,0.00
2014.02.21 12:01:14.408,13.21191,13.21451,0.00,0.00
2014.02.21 12:01:15.145,13.21176,13.21436,0.00,0.00
2014.02.21 12:01:16.147,13.21191,13.21451,0.00,0.00
2014.02.21 12:01:18.639,13.21176,13.21436,0.00,0.00
2014.02.21 12:01:19.845,13.21192,13.21452,0.00,0.00
2014.02.21 12:01:21.534,13.2116,13.2142,0.00,0.00
2014.02.21 12:01:25.527,13.21183,13.21443,0.00,0.00
2014.02.21 12:01:26.614,13.21167,13.21427,0.00,0.00
2014.02.21 12:01:29.984,13.21184,13.21444,0.00,0.00
2014.02.21 12:01:30.633,13.21168,13.21428,0.00,0.00
2014.02.21 12:01:33.158,13.21185,13.21445,0.00,0.00
2014.02.21 12:01:33.648,13.2118,13.2144,0.00,0.00
2014.02.21 12:01:34.087,13.21163,13.21423,0.00,0.00
2014.02.21 12:01:35.087,13.21203,13.21463,0.00,0.00
2014.02.21 12:01:35.794,13.21187,13.21447,0.00,0.00
2014.02.21 12:01:41.230,13.21171,13.21431,0.00,0.00
2014.02.21 12:01:44.040,13.21207,13.21467,0.00,0.00
2014.02.21 12:01:44.527,13.21165,13.21425,0.00,0.00
2014.02.21 12:01:44.958,13.21178,13.21438,0.00,0.00
2014.02.21 12:01:45.294,13.21144,13.21404,0.00,0.00
2014.02.21 12:01:46.178,13.21144,13.21367,0.00,0.00
2014.02.21 12:01:46.229,13.21075,13.21335,0.00,0.00
2014.02.21 12:01:46.331,13.2105,13.2131,0.00,0.00
2014.02.21 12:01:46.647,13.21077,13.21337,0.00,0.00
2014.02.21 12:01:48.317,13.2109,13.2135,0.00,0.00
2014.02.21 12:01:49.678,13.21081,13.21341,0.00,0.00
2014.02.21 12:01:50.108,13.21095,13.21355,0.00,0.00
2014.02.21 12:01:52.248,13.2106,13.2132,0.00,0.00
2014.02.21 12:01:52.638,13.2107,13.2133,0.00,0.00
2014.02.21 12:01:53.010,13.21055,13.21315,0.00,0.00
2014.02.21 12:01:54.210,13.21088,13.21347,0.00,0.00
2014.02.21 12:01:55.689,13.21077,13.21337,0.00,0.00
2014.02.21 12:01:58.337,13.21061,13.21321,0.00,0.00
2014.02.21 12:01:58.778,13.21052,13.21312,0.00,0.00
2014.02.21 12:02:00.376,13.21083,13.21343,0.00,0.00
2014.02.21 12:02:00.923,13.21052,13.21312,0.00,0.00
2014.02.21 12:02:01.349,13.21019,13.21279,0.00,0.00
2014.02.21 12:02:01.842,13.21009,13.21269,0.00,0.00
2014.02.21 12:02:02.456,13.2104,13.213,0.00,0.00
2014.02.21 12:02:02.862,13.21011,13.21271,0.00,0.00
2014.02.21 12:02:03.603,13.21029,13.21289,0.00,0.00
2014.02.21 12:02:05.284,13.21045,13.21305,0.00,0.00
2014.02.21 12:02:06.155,13.21125,13.21337,0.00,0.00
2014.02.21 12:02:06.255,13.21125,13.21368,0.00,0.00
2014.02.21 12:02:06.306,13.21159,13.21439,0.00,0.00
2014.02.21 12:02:06.376,13.21158,13.21428,0.00,0.00
2014.02.21 12:02:06.996,13.21145,13.21415,0.00,0.00
2014.02.21 12:02:07.804,13.21161,13.21431,0.00,0.00
2014.02.21 12:02:08.784,13.21145,13.21415,0.00,0.00
2014.02.21 12:02:10.279,13.21148,13.21418,0.00,0.00
2014.02.21 12:02:10.586,13.21269,13.21529,0.00,0.00
2014.02.21 12:02:10.687,13.21249,13.21519,0.00,0.00
2014.02.21 12:02:10.863,13.21245,13.21505,0.00,0.00
2014.02.21 12:02:12.153,13.21265,13.21525,0.00,0.00
2014.02.21 12:02:12.679,13.21255,13.21515,0.00,0.00
2014.02.21 12:02:14.572,13.21245,13.21505,0.00,0.00
2014.02.21 12:02:14.929,13.2129,13.2155,0.00,0.00
2014.02.21 12:02:15.274,13.21403,13.2155,0.00,0.00
2014.02.21 12:02:15.375,13.21403,13.21625,0.00,0.00
2014.02.21 12:02:15.475,13.21425,13.21685,0.00,0.00
2014.02.21 12:02:15.576,13.21383,13.2164,0.00,0.00
2014.02.21 12:02:15.662,13.2139,13.2165,0.00,0.00
2014.02.21 12:02:16.103,13.214,13.2166,0.00,0.00
2014.02.21 12:02:17.105,13.2139,13.2165,0.00,0.00
2014.02.21 12:02:20.973,13.214,13.2166,0.00,0.00
2014.02.21 12:02:22.760,13.2141,13.2167,0.00,0.00
2014.02.21 12:02:23.356,13.21325,13.21585,0.00,0.00
2014.02.21 12:02:23.750,13.21333,13.21605,0.00,0.00
2014.02.21 12:02:23.850,13.21325,13.21605,0.00,0.00
2014.02.21 12:02:23.901,13.21295,13.21555,0.00,0.00
2014.02.21 12:02:26.809,13.2125,13.2151,0.00,0.00
2014.02.21 12:02:27.144,13.212,13.2146,0.00,0.00
2014.02.21 12:02:28.359,13.21212,13.21472,0.00,0.00
2014.02.21 12:02:33.109,13.21251,13.21511,0.00,0.00
2014.02.21 12:02:33.466,13.21264,13.21524,0.00,0.00
2014.02.21 12:02:33.768,13.21255,13.21515,0.00,0.00
2014.02.21 12:02:34.742,13.21225,13.21485,0.00,0.00
2014.02.21 12:02:35.201,13.2121,13.2147,0.00,0.00
2014.02.21 12:02:35.917,13.2119,13.2145,0.00,0.00
2014.02.21 12:02:37.379,13.21205,13.21465,0.00,0.00
2014.02.21 12:02:38.129,13.21192,13.21452,0.00,0.00
2014.02.21 12:02:38.542,13.21216,13.21476,0.00,0.00
2014.02.21 12:02:38.844,13.21257,13.21517,0.00,0.00
2014.02.21 12:02:39.351,13.21205,13.21465,0.00,0.00
2014.02.21 12:02:39.737,13.21195,13.21455,0.00,0.00
2014.02.21 12:02:43.034,13.21155,13.21425,0.00,0.00
2014.02.21 12:02:43.545,13.21171,13.21441,0.00,0.00
2014.02.21 12:02:45.949,13.21156,13.21426,0.00,0.00
2014.02.21 12:02:46.209,13.21153,13.21426,0.00,0.00
2014.02.21 12:02:46.397,13.21162,13.21442,0.00,0.00
2014.02.21 12:02:47.464,13.21161,13.21451,0.00,0.00
2014.02.21 12:02:47.515,13.21193,13.21451,0.00,0.00
2014.02.21 12:02:47.615,13.21239,13.21509,0.00,0.00
2014.02.21 12:02:48.018,13.21248,13.21508,0.00,0.00
2014.02.21 12:02:50.848,13.21262,13.21522,0.00,0.00
2014.02.21 12:02:51.241,13.21275,13.21535,0.00,0.00
2014.02.21 12:02:52.534,13.21265,13.21525,0.00,0.00
2014.02.21 12:02:52.753,13.21205,13.21485,0.00,0.00
2014.02.21 12:02:52.863,13.21185,13.21445,0.00,0.00
2014.02.21 12:02:53.166,13.21163,13.2142,0.00,0.00
2014.02.21 12:02:53.320,13.21135,13.21395,0.00,0.00
2014.02.21 12:02:53.421,13.21125,13.21385,0.00,0.00
2014.02.21 12:02:53.743,13.21128,13.21388,0.00,0.00
2014.02.21 12:02:54.195,13.2111,13.2137,0.00,0.00
2014.02.21 12:02:54.707,13.21121,13.21381,0.00,0.00
2014.02.21 12:02:55.055,13.2111,13.2137,0.00,0.00
2014.02.21 12:02:55.370,13.21095,13.21355,0.00,0.00
2014.02.21 12:02:55.740,13.21102,13.21362,0.00,0.00
2014.02.21 12:02:56.542,13.21133,13.21393,0.00,0.00
2014.02.21 12:02:56.983,13.21109,13.21369,0.00,0.00
2014.02.21 12:02:57.767,13.21124,13.21384,0.00,0.00
2014.02.21 12:02:58.711,13.21135,13.21395,0.00,0.00
2014.02.21 12:03:00.452,13.21125,13.21385,0.00,0.00
2014.02.21 12:03:00.781,13.21162,13.21422,0.00,0.00
2014.02.21 12:03:01.347,13.21135,13.21395,0.00,0.00
2014.02.21 12:03:01.670,13.21158,13.21418,0.00,0.00
2014.02.21 12:03:02.883,13.21129,13.21389,0.00,0.00
2014.02.21 12:03:03.876,13.21145,13.21405,0.00,0.00
2014.02.21 12:03:05.919,13.21162,13.21422,0.00,0.00
2014.02.21 12:03:06.406,13.21128,13.21388,0.00,0.00
2014.02.21 12:03:06.910,13.21159,13.21419,0.00,0.00
2014.02.21 12:03:07.384,13.21144,13.21404,0.00,0.00
2014.02.21 12:03:07.695,13.21202,13.21462,0.00,0.00
2014.02.21 12:03:09.010,13.2122,13.2148,0.00,0.00
2014.02.21 12:03:11.241,13.21195,13.21455,0.00,0.00
2014.02.21 12:03:12.164,13.21225,13.21485,0.00,0.00
2014.02.21 12:03:12.798,13.21234,13.21494,0.00,0.00
2014.02.21 12:03:13.253,13.2121,13.2147,0.00,0.00
2014.02.21 12:03:13.688,13.2125,13.2151,0.00,0.00
2014.02.21 12:03:14.678,13.21265,13.21525,0.00,0.00
2014.02.21 12:03:16.967,13.21282,13.21542,0.00,0.00
2014.02.21 12:03:17.506,13.21285,13.21545,0.00,0.00
2014.02.21 12:03:17.931,13.21301,13.21561,0.00,0.00
2014.02.21 12:03:19.496,13.213,13.2156,0.00,0.00
2014.02.21 12:03:20.315,13.21325,13.21585,0.00,0.00
2014.02.21 12:03:20.707,13.2137,13.21628,0.00,0.00
2014.02.21 12:03:20.758,13.2137,13.2163,0.00,0.00
2014.02.21 12:03:20.808,13.21397,13.21657,0.00,0.00
2014.02.21 12:03:22.041,13.2138,13.2164,0.00,0.00
2014.02.21 12:03:22.358,13.214,13.2166,0.00,0.00
2014.02.21 12:03:22.688,13.21416,13.21676,0.00,0.00
2014.02.21 12:03:23.163,13.2139,13.2165,0.00,0.00
2014.02.21 12:03:24.318,13.21408,13.21668,0.00,0.00
2014.02.21 12:03:27.157,13.21419,13.21679,0.00,0.00
2014.02.21 12:03:27.928,13.21403,13.21663,0.00,0.00
2014.02.21 12:03:28.343,13.2138,13.2164,0.00,0.00
2014.02.21 12:03:28.894,13.21403,13.21663,0.00,0.00
2014.02.21 12:03:29.657,13.21412,13.21672,0.00,0.00
2014.02.21 12:03:30.049,13.21429,13.21689,0.00,0.00
2014.02.21 12:03:30.384,13.21481,13.21741,0.00,0.00
2014.02.21 12:03:30.828,13.21495,13.21755,0.00,0.00
2014.02.21 12:03:33.083,13.21515,13.21775,0.00,0.00
2014.02.21 12:03:33.422,13.2156,13.2182,0.00,0.00
2014.02.21 12:03:34.067,13.21575,13.21835,0.00,0.00
2014.02.21 12:03:34.477,13.21595,13.21855,0.00,0.00
2014.02.21 12:03:35.163,13.21605,13.21865,0.00,0.00
2014.02.21 12:03:54.469,13.21578,13.21838,0.00,0.00
2014.02.21 12:03:56.058,13.21543,13.21803,0.00,0.00
2014.02.21 12:03:56.109,13.21543,13.21822,0.00,0.00
2014.02.21 12:03:58.273,13.21543,13.21813,0.00,0.00
2014.02.21 12:03:59.530,13.21543,13.21803,0.00,0.00
2014.02.21 12:04:01.863,13.21543,13.21793,0.00,0.00
2014.02.21 12:04:01.913,13.21533,13.21793,0.00,0.00
2014.02.21 12:04:02.138,13.21518,13.21778,0.00,0.00
2014.02.21 12:04:04.866,13.21528,13.21788,0.00,0.00
2014.02.21 12:04:04.977,13.21543,13.21813,0.00,0.00
2014.02.21 12:04:05.128,13.21543,13.21803,0.00,0.00
2014.02.21 12:04:21.391,13.21543,13.21813,0.00,0.00
2014.02.21 12:04:23.039,13.21543,13.21822,0.00,0.00
2014.02.21 12:04:23.231,13.21543,13.21803,0.00,0.00
2014.02.21 12:04:23.332,13.21543,13.21813,0.00,0.00
2014.02.21 12:04:28.294,13.21503,13.21763,0.00,0.00
2014.02.21 12:04:29.569,13.21513,13.21773,0.00,0.00
2014.02.21 12:04:29.889,13.21518,13.21778,0.00,0.00
2014.02.21 12:04:30.319,13.21543,13.21803,0.00,0.00
2014.02.21 12:04:30.973,13.21559,13.21819,0.00,0.00
2014.02.21 12:04:32.800,13.21562,13.21822,0.00,0.00
2014.02.21 12:04:33.182,13.21549,13.21809,0.00,0.00
2014.02.21 12:04:42.005,13.21605,13.21865,0.00,0.00
2014.02.21 12:04:46.764,13.2163,13.2189,0.00,0.00
2014.02.21 12:04:47.147,13.21645,13.21905,0.00,0.00
2014.02.21 12:04:48.445,13.21675,13.21935,0.00,0.00
2014.02.21 12:04:48.883,13.21685,13.21945,0.00,0.00
2014.02.21 12:04:50.303,13.21695,13.21955,0.00,0.00
2014.02.21 12:04:52.243,13.2171,13.2197,0.00,0.00
2014.02.21 12:04:52.845,13.2172,13.2198,0.00,0.00
2014.02.21 12:04:53.187,13.21743,13.2198,0.00,0.00
2014.02.21 12:04:54.072,13.21743,13.2199,0.00,0.00
2014.02.21 12:04:54.217,13.2173,13.2199,0.00,0.00
2014.02.21 12:04:54.268,13.2172,13.2198,0.00,0.00
2014.02.21 12:04:54.642,13.21713,13.2197,0.00,0.00
2014.02.21 12:04:57.054,13.2171,13.2197,0.00,0.00
2014.02.21 12:05:02.470,13.21723,13.2198,0.00,0.00
2014.02.21 12:05:04.289,13.21729,13.21989,0.00,0.00
2014.02.21 12:05:05.331,13.21723,13.2198,0.00,0.00
2014.02.21 12:05:05.636,13.2172,13.2198,0.00,0.00
2014.02.21 12:05:05.781,13.2171,13.2197,0.00,0.00
2014.02.21 12:05:17.967,13.21723,13.2197,0.00,0.00
2014.02.21 12:05:18.018,13.21723,13.21982,0.00,0.00
2014.02.21 12:05:21.766,13.21735,13.21995,0.00,0.00
2014.02.21 12:05:21.816,13.21743,13.21995,0.00,0.00
2014.02.21 12:05:21.876,13.21759,13.22019,0.00,0.00
2014.02.21 12:05:21.987,13.21768,13.22028,0.00,0.00
2014.02.21 12:05:22.349,13.2177,13.2203,0.00,0.00
2014.02.21 12:05:23.056,13.21773,13.22015,0.00,0.00
2014.02.21 12:05:24.606,13.21773,13.22027,0.00,0.00
2014.02.21 12:05:25.709,13.21773,13.22015,0.00,0.00
2014.02.21 12:05:25.928,13.21773,13.22025,0.00,0.00
2014.02.21 12:05:27.131,13.21803,13.22053,0.00,0.00
2014.02.21 12:05:27.445,13.21803,13.22041,0.00,0.00
2014.02.21 12:05:27.595,13.21853,13.22093,0.00,0.00
2014.02.21 12:05:28.116,13.21853,13.22065,0.00,0.00
2014.02.21 12:05:28.195,13.21853,13.22078,0.00,0.00
2014.02.21 12:05:28.559,13.21853,13.22065,0.00,0.00
2014.02.21 12:05:28.659,13.21853,13.22082,0.00,0.00
2014.02.21 12:05:29.275,13.21853,13.2206,0.00,0.00
2014.02.21 12:05:29.494,13.21853,13.22072,0.00,0.00
2014.02.21 12:05:29.605,13.21853,13.22055,0.00,0.00
2014.02.21 12:05:29.764,13.21833,13.22045,0.00,0.00
2014.02.21 12:05:29.871,13.21833,13.22032,0.00,0.00
2014.02.21 12:05:30.044,13.21833,13.22047,0.00,0.00
2014.02.21 12:05:30.388,13.21833,13.22063,0.00,0.00
2014.02.21 12:05:30.694,13.21833,13.22048,0.00,0.00
2014.02.21 12:05:31.346,13.21844,13.22104,0.00,0.00
2014.02.21 12:05:31.398,13.21853,13.22104,0.00,0.00
2014.02.21 12:05:31.878,13.21853,13.22045,0.00,0.00
2014.02.21 12:05:32.448,13.21853,13.2207,0.00,0.00
2014.02.21 12:05:33.356,13.21853,13.22058,0.00,0.00
2014.02.21 12:05:33.868,13.21853,13.22042,0.00,0.00
2014.02.21 12:05:33.919,13.21823,13.22042,0.00,0.00
2014.02.21 12:05:34.413,13.21823,13.2207,0.00,0.00
2014.02.21 12:05:35.283,13.21823,13.22056,0.00,0.00
2014.02.21 12:05:37.431,13.21823,13.2207,0.00,0.00
2014.02.21 12:05:37.537,13.21873,13.22106,0.00,0.00
2014.02.21 12:05:37.692,13.21836,13.22096,0.00,0.00
2014.02.21 12:05:37.752,13.21833,13.22081,0.00,0.00
2014.02.21 12:05:39.492,13.21833,13.22062,0.00,0.00
2014.02.21 12:05:40.379,13.21833,13.22077,0.00,0.00
2014.02.21 12:05:40.475,13.21833,13.22061,0.00,0.00
2014.02.21 12:05:40.612,13.21833,13.22077,0.00,0.00
2014.02.21 12:05:53.303,13.21833,13.22065,0.00,0.00
2014.02.21 12:05:57.732,13.21833,13.2208,0.00,0.00
2014.02.21 12:05:59.807,13.21833,13.22064,0.00,0.00
2014.02.21 12:06:00.437,13.21833,13.22079,0.00,0.00
2014.02.21 12:06:15.536,13.21833,13.22066,0.00,0.00
2014.02.21 12:06:15.645,13.21833,13.22081,0.00,0.00
2014.02.21 12:06:16.124,13.21833,13.22065,0.00,0.00
2014.02.21 12:06:16.326,13.21833,13.22081,0.00,0.00
2014.02.21 12:06:21.511,13.21833,13.22066,0.00,0.00
2014.02.21 12:06:21.561,13.21806,13.22066,0.00,0.00
2014.02.21 12:06:21.811,13.21817,13.22077,0.00,0.00
2014.02.21 12:06:22.462,13.21799,13.22059,0.00,0.00
2014.02.21 12:06:22.777,13.21677,13.21937,0.00,0.00
2014.02.21 12:06:23.090,13.2165,13.2191,0.00,0.00
2014.02.21 12:06:25.813,13.21637,13.21897,0.00,0.00
2014.02.21 12:06:26.480,13.21646,13.21906,0.00,0.00
2014.02.21 12:06:27.460,13.21628,13.21888,0.00,0.00
2014.02.21 12:06:32.509,13.21619,13.21879,0.00,0.00
2014.02.21 12:06:39.143,13.21633,13.21893,0.00,0.00
2014.02.21 12:06:40.299,13.21619,13.21879,0.00,0.00
2014.02.21 12:06:40.627,13.21604,13.21864,0.00,0.00
2014.02.21 12:06:42.261,13.2162,13.2188,0.00,0.00
2014.02.21 12:06:44.089,13.21636,13.21896,0.00,0.00
2014.02.21 12:06:52.788,13.21668,13.21917,0.00,0.00
2014.02.21 12:06:52.838,13.21668,13.21928,0.00,0.00
2014.02.21 12:06:52.889,13.21686,13.21946,0.00,0.00
2014.02.21 12:06:53.194,13.21656,13.21916,0.00,0.00
2014.02.21 12:06:54.164,13.21648,13.21908,0.00,0.00
2014.02.21 12:06:54.858,13.21638,13.21898,0.00,0.00
2014.02.21 12:06:55.392,13.21651,13.21911,0.00,0.00
2014.02.21 12:06:57.227,13.21636,13.21896,0.00,0.00
2014.02.21 12:06:58.272,13.21627,13.21887,0.00,0.00
2014.02.21 12:06:58.602,13.21623,13.21883,0.00,0.00
2014.02.21 12:07:04.791,13.21602,13.21862,0.00,0.00
2014.02.21 12:07:05.121,13.21615,13.21875,0.00,0.00
2014.02.21 12:07:06.111,13.21619,13.21879,0.00,0.00
2014.02.21 12:07:07.204,13.21646,13.21906,0.00,0.00
2014.02.21 12:07:07.784,13.21678,13.21938,0.00,0.00
2014.02.21 12:07:08.165,13.21691,13.21951,0.00,0.00
2014.02.21 12:07:10.140,13.21672,13.21932,0.00,0.00
2014.02.21 12:07:12.428,13.21638,13.21898,0.00,0.00
2014.02.21 12:07:12.739,13.21627,13.21887,0.00,0.00
2014.02.21 12:07:15.598,13.21642,13.21902,0.00,0.00
2014.02.21 12:07:19.037,13.21626,13.21886,0.00,0.00
2014.02.21 12:07:20.607,13.21641,13.21901,0.00,0.00
2014.02.21 12:07:21.239,13.21631,13.21891,0.00,0.00
2014.02.21 12:07:21.667,13.21611,13.21871,0.00,0.00
2014.02.21 12:07:23.223,13.21627,13.21887,0.00,0.00
2014.02.21 12:07:27.195,13.21611,13.21871,0.00,0.00
2014.02.21 12:07:28.515,13.21628,13.21888,0.00,0.00
2014.02.21 12:07:29.915,13.21669,13.21917,0.00,0.00
2014.02.21 12:07:29.992,13.21669,13.21929,0.00,0.00
2014.02.21 12:07:30.135,13.21688,13.21948,0.00,0.00
2014.02.21 12:07:35.113,13.21678,13.21938,0.00,0.00
2014.02.21 12:07:36.989,13.21662,13.21922,0.00,0.00
2014.02.21 12:07:38.842,13.21678,13.21938,0.00,0.00
2014.02.21 12:07:40.252,13.21662,13.21922,0.00,0.00
2014.02.21 12:07:41.981,13.21678,13.21938,0.00,0.00
2014.02.21 12:07:45.430,13.21663,13.21923,0.00,0.00
2014.02.21 12:07:47.060,13.21678,13.21938,0.00,0.00
2014.02.21 12:07:51.763,13.21703,13.21963,0.00,0.00
2014.02.21 12:07:52.093,13.21731,13.21977,0.00,0.00
2014.02.21 12:07:52.270,13.21721,13.21977,0.00,0.00
2014.02.21 12:07:52.601,13.21741,13.21997,0.00,0.00
2014.02.21 12:07:53.088,13.21727,13.21987,0.00,0.00
2014.02.21 12:07:56.934,13.21727,13.21958,0.00,0.00
2014.02.21 12:07:57.072,13.21646,13.21906,0.00,0.00
2014.02.21 12:07:57.184,13.21632,13.21892,0.00,0.00
2014.02.21 12:07:57.489,13.21646,13.21906,0.00,0.00
2014.02.21 12:07:59.527,13.21637,13.21897,0.00,0.00
2014.02.21 12:08:00.487,13.21681,13.21941,0.00,0.00
2014.02.21 12:08:00.885,13.21696,13.21956,0.00,0.00
2014.02.21 12:08:05.385,13.21673,13.21933,0.00,0.00
2014.02.21 12:08:06.992,13.21689,13.21949,0.00,0.00
2014.02.21 12:08:08.284,13.21665,13.21925,0.00,0.00
2014.02.21 12:08:08.613,13.21689,13.21949,0.00,0.00
2014.02.21 12:08:10.431,13.21744,13.21957,0.00,0.00
2014.02.21 12:08:10.552,13.21744,13.22004,0.00,0.00
2014.02.21 12:08:10.644,13.21706,13.21966,0.00,0.00
2014.02.21 12:08:14.344,13.2168,13.2194,0.00,0.00
2014.02.21 12:08:14.653,13.21585,13.21845,0.00,0.00
2014.02.21 12:08:15.288,13.21595,13.21855,0.00,0.00
2014.02.21 12:08:18.506,13.21609,13.21869,0.00,0.00
2014.02.21 12:08:20.751,13.21595,13.21855,0.00,0.00
2014.02.21 12:08:23.401,13.21609,13.21869,0.00,0.00
2014.02.21 12:08:25.981,13.2159,13.2185,0.00,0.00
2014.02.21 12:08:33.938,13.21624,13.21884,0.00,0.00
2014.02.21 12:08:40.303,13.21653,13.21913,0.00,0.00
2014.02.21 12:08:40.720,13.2167,13.2193,0.00,0.00
2014.02.21 12:08:41.042,13.21655,13.21915,0.00,0.00
2014.02.21 12:08:45.700,13.21672,13.21932,0.00,0.00
2014.02.21 12:08:46.016,13.21684,13.21944,0.00,0.00
2014.02.21 12:08:46.360,13.2167,13.2193,0.00,0.00
2014.02.21 12:08:46.694,13.21655,13.21915,0.00,0.00
2014.02.21 12:08:55.094,13.21669,13.21929,0.00,0.00
2014.02.21 12:08:55.654,13.21655,13.21915,0.00,0.00
2014.02.21 12:08:56.274,13.21669,13.21929,0.00,0.00
2014.02.21 12:08:58.553,13.21655,13.21915,0.00,0.00
2014.02.21 12:08:58.867,13.2164,13.219,0.00,0.00
2014.02.21 12:08:59.169,13.21667,13.21927,0.00,0.00
2014.02.21 12:08:59.745,13.21655,13.21915,0.00,0.00
2014.02.21 12:09:00.802,13.21669,13.21929,0.00,0.00
2014.02.21 12:09:01.272,13.21695,13.21955,0.00,0.00
2014.02.21 12:09:01.820,13.21707,13.21967,0.00,0.00
2014.02.21 12:09:05.491,13.21695,13.21955,0.00,0.00
2014.02.21 12:09:09.750,13.21695,13.21937,0.00,0.00
2014.02.21 12:09:09.801,13.2168,13.21937,0.00,0.00
2014.02.21 12:09:09.901,13.2168,13.21897,0.00,0.00
2014.02.21 12:09:09.952,13.2162,13.2188,0.00,0.00
2014.02.21 12:09:10.013,13.21595,13.21855,0.00,0.00
2014.02.21 12:09:10.562,13.21618,13.21878,0.00,0.00
2014.02.21 12:09:11.264,13.21603,13.21863,0.00,0.00
2014.02.21 12:09:11.659,13.2159,13.2185,0.00,0.00
2014.02.21 12:09:13.245,13.216,13.2186,0.00,0.00
2014.02.21 12:09:15.878,13.21616,13.21876,0.00,0.00
2014.02.21 12:09:20.518,13.21638,13.21897,0.00,0.00
2014.02.21 12:09:20.847,13.2162,13.2188,0.00,0.00
2014.02.21 12:09:22.324,13.216,13.2186,0.00,0.00
2014.02.21 12:09:23.156,13.21619,13.21879,0.00,0.00
2014.02.21 12:09:23.534,13.21606,13.21866,0.00,0.00
2014.02.21 12:09:28.249,13.21595,13.21855,0.00,0.00
2014.02.21 12:09:30.085,13.21615,13.21875,0.00,0.00
2014.02.21 12:09:30.411,13.21753,13.21999,0.00,0.00
2014.02.21 12:09:31.772,13.21753,13.2199,0.00,0.00
2014.02.21 12:09:34.003,13.21753,13.22007,0.00,0.00
2014.02.21 12:09:34.114,13.2177,13.2203,0.00,0.00
2014.02.21 12:09:34.214,13.21773,13.2203,0.00,0.00
2014.02.21 12:09:34.423,13.21755,13.22015,0.00,0.00
2014.02.21 12:09:34.473,13.2172,13.2198,0.00,0.00
2014.02.21 12:09:44.624,13.217,13.2196,0.00,0.00
2014.02.21 12:09:46.141,13.2171,13.2197,0.00,0.00
2014.02.21 12:09:47.189,13.21719,13.21979,0.00,0.00
2014.02.21 12:10:06.306,13.21715,13.21975,0.00,0.00
2014.02.21 12:10:06.856,13.21727,13.21987,0.00,0.00
2014.02.21 12:10:08.257,13.21715,13.21975,0.00,0.00
2014.02.21 12:10:09.016,13.21727,13.21987,0.00,0.00
2014.02.21 12:10:10.215,13.21715,13.21975,0.00,0.00
2014.02.21 12:10:12.264,13.21705,13.21965,0.00,0.00
2014.02.21 12:10:14.979,13.21718,13.21978,0.00,0.00
2014.02.21 12:10:15.510,13.21727,13.21987,0.00,0.00
2014.02.21 12:10:16.923,13.21743,13.22003,0.00,0.00
2014.02.21 12:10:17.483,13.2173,13.2199,0.00,0.00
2014.02.21 12:10:19.567,13.21705,13.21965,0.00,0.00
2014.02.21 12:10:21.043,13.21717,13.21977,0.00,0.00
2014.02.21 12:10:21.376,13.21706,13.21966,0.00,0.00
2014.02.21 12:10:22.063,13.21721,13.21981,0.00,0.00
2014.02.21 12:10:22.572,13.21706,13.21966,0.00,0.00
2014.02.21 12:10:26.873,13.21716,13.21976,0.00,0.00
2014.02.21 12:10:27.195,13.21705,13.21965,0.00,0.00
2014.02.21 12:10:30.221,13.21717,13.21977,0.00,0.00
2014.02.21 12:10:31.210,13.21705,13.21965,0.00,0.00
2014.02.21 12:10:33.490,13.21739,13.21999,0.00,0.00
2014.02.21 12:10:34.052,13.2173,13.2199,0.00,0.00
2014.02.21 12:10:35.012,13.21742,13.2199,0.00,0.00
2014.02.21 12:10:35.062,13.21778,13.22038,0.00,0.00
2014.02.21 12:10:35.350,13.21787,13.22047,0.00,0.00
2014.02.21 12:10:37.992,13.21783,13.22035,0.00,0.00
2014.02.21 12:10:38.650,13.21775,13.22035,0.00,0.00
2014.02.21 12:10:39.348,13.21784,13.22044,0.00,0.00
2014.02.21 12:10:40.768,13.21802,13.22062,0.00,0.00
2014.02.21 12:10:41.586,13.21843,13.22085,0.00,0.00
2014.02.21 12:10:42.660,13.21842,13.22085,0.00,0.00
2014.02.21 12:10:43.316,13.21842,13.22065,0.00,0.00
2014.02.21 12:10:43.367,13.21823,13.22065,0.00,0.00
2014.02.21 12:10:43.487,13.2178,13.2204,0.00,0.00
2014.02.21 12:10:45.226,13.2177,13.2203,0.00,0.00
2014.02.21 12:10:47.606,13.21781,13.22041,0.00,0.00
2014.02.21 12:10:48.619,13.2177,13.2203,0.00,0.00
2014.02.21 12:10:50.532,13.21781,13.22041,0.00,0.00
2014.02.21 12:10:51.497,13.2177,13.2203,0.00,0.00
2014.02.21 12:10:53.267,13.21783,13.22043,0.00,0.00
2014.02.21 12:11:05.739,13.21753,13.2199,0.00,0.00
2014.02.21 12:11:05.840,13.21705,13.21965,0.00,0.00
2014.02.21 12:11:07.661,13.21715,13.21975,0.00,0.00
2014.02.21 12:11:08.411,13.21705,13.21965,0.00,0.00
2014.02.21 12:11:11.679,13.2169,13.2195,0.00,0.00
2014.02.21 12:11:12.510,13.21672,13.21932,0.00,0.00
2014.02.21 12:11:13.620,13.21657,13.21917,0.00,0.00
2014.02.21 12:11:13.929,13.2176,13.21977,0.00,0.00
2014.02.21 12:11:14.090,13.2178,13.2204,0.00,0.00
2014.02.21 12:11:15.137,13.21773,13.2203,0.00,0.00
2014.02.21 12:11:15.188,13.2177,13.2203,0.00,0.00
2014.02.21 12:11:15.238,13.21745,13.22005,0.00,0.00
2014.02.21 12:11:15.600,13.2173,13.2199,0.00,0.00
2014.02.21 12:11:16.648,13.21723,13.21965,0.00,0.00
2014.02.21 12:11:16.813,13.21695,13.21955,0.00,0.00
2014.02.21 12:11:19.596,13.21715,13.21975,0.00,0.00
2014.02.21 12:11:20.913,13.21695,13.21955,0.00,0.00
2014.02.21 12:11:35.814,13.21709,13.21969,0.00,0.00
2014.02.21 12:11:38.193,13.2171,13.2197,0.00,0.00
2014.02.21 12:11:45.523,13.21721,13.21981,0.00,0.00
2014.02.21 12:11:45.852,13.21705,13.21965,0.00,0.00
2014.02.21 12:11:52.562,13.21721,13.21981,0.00,0.00
2014.02.21 12:11:52.880,13.21705,13.21965,0.00,0.00
2014.02.21 12:11:56.479,13.21742,13.21997,0.00,0.00
2014.02.21 12:11:56.529,13.21742,13.22002,0.00,0.00
2014.02.21 12:11:56.910,13.21769,13.22029,0.00,0.00
2014.02.21 12:11:57.240,13.21778,13.22038,0.00,0.00
2014.02.21 12:11:58.329,13.21787,13.22047,0.00,0.00
2014.02.21 12:11:58.840,13.21803,13.22063,0.00,0.00
2014.02.21 12:12:01.559,13.21813,13.22063,0.00,0.00
2014.02.21 12:12:01.609,13.21813,13.22073,0.00,0.00
2014.02.21 12:12:01.748,13.21842,13.22073,0.00,0.00
2014.02.21 12:12:01.849,13.21873,13.22105,0.00,0.00
2014.02.21 12:12:02.022,13.21873,13.22116,0.00,0.00
2014.02.21 12:12:02.130,13.21873,13.22106,0.00,0.00
2014.02.21 12:12:02.743,13.21873,13.2209,0.00,0.00
2014.02.21 12:12:03.327,13.21873,13.2208,0.00,0.00
2014.02.21 12:12:03.437,13.21873,13.22094,0.00,0.00
2014.02.21 12:12:04.427,13.21873,13.22075,0.00,0.00
2014.02.21 12:12:04.555,13.21853,13.22065,0.00,0.00
2014.02.21 12:12:04.660,13.21842,13.22089,0.00,0.00
2014.02.21 12:12:04.757,13.21842,13.22065,0.00,0.00
2014.02.21 12:12:04.811,13.21823,13.22065,0.00,0.00
2014.02.21 12:12:04.867,13.21823,13.22055,0.00,0.00
2014.02.21 12:12:05.197,13.21823,13.22047,0.00,0.00
2014.02.21 12:12:05.773,13.21823,13.22068,0.00,0.00
2014.02.21 12:12:06.179,13.21808,13.22068,0.00,0.00
2014.02.21 12:12:06.239,13.21782,13.22005,0.00,0.00
2014.02.21 12:12:06.290,13.21753,13.22005,0.00,0.00
2014.02.21 12:12:06.390,13.21753,13.2199,0.00,0.00
2014.02.21 12:12:07.002,13.21753,13.22,0.00,0.00
2014.02.21 12:12:10.243,13.21753,13.2199,0.00,0.00
2014.02.21 12:12:11.116,13.21753,13.22,0.00,0.00
2014.02.21 12:12:12.316,13.21753,13.2199,0.00,0.00
2014.02.21 12:12:12.577,13.21753,13.22,0.00,0.00
2014.02.21 12:12:13.415,13.21753,13.2199,0.00,0.00
2014.02.21 12:12:13.465,13.2173,13.2199,0.00,0.00
2014.02.21 12:12:20.573,13.21754,13.22014,0.00,0.00
2014.02.21 12:12:26.032,13.21765,13.22025,0.00,0.00
2014.02.21 12:12:26.593,13.21842,13.22093,0.00,0.00
2014.02.21 12:12:27.236,13.21843,13.22093,0.00,0.00
2014.02.21 12:12:27.331,13.21846,13.22106,0.00,0.00
2014.02.21 12:12:27.589,13.21843,13.22091,0.00,0.00
2014.02.21 12:12:37.328,13.21863,13.22106,0.00,0.00
2014.02.21 12:12:39.278,13.21863,13.2209,0.00,0.00
2014.02.21 12:12:43.211,13.21863,13.22101,0.00,0.00
2014.02.21 12:12:43.262,13.21883,13.22101,0.00,0.00
2014.02.21 12:12:43.665,13.21883,13.2209,0.00,0.00
2014.02.21 12:12:43.717,13.21883,13.22105,0.00,0.00
2014.02.21 12:12:45.033,13.21883,13.2209,0.00,0.00
2014.02.21 12:12:48.781,13.21883,13.22104,0.00,0.00
2014.02.21 12:12:50.398,13.21883,13.2212,0.00,0.00
2014.02.21 12:12:51.575,13.21883,13.2213,0.00,0.00
2014.02.21 12:12:58.723,13.21883,13.22109,0.00,0.00
2014.02.21 12:12:58.944,13.21883,13.22125,0.00,0.00
2014.02.21 12:12:59.096,13.21883,13.22109,0.00,0.00
2014.02.21 12:12:59.364,13.21883,13.22123,0.00,0.00
2014.02.21 12:13:00.886,13.21883,13.22124,0.00,0.00
2014.02.21 12:13:01.716,13.21913,13.22124,0.00,0.00
2014.02.21 12:13:01.768,13.21913,13.2213,0.00,0.00
2014.02.21 12:13:01.854,13.22012,13.22208,0.00,0.00
2014.02.21 12:13:01.904,13.22012,13.22272,0.00,0.00
2014.02.21 12:13:01.963,13.21953,13.22114,0.00,0.00
2014.02.21 12:13:02.013,13.21883,13.22114,0.00,0.00
2014.02.21 12:13:02.151,13.21854,13.22114,0.00,0.00
2014.02.21 12:13:02.201,13.21853,13.22105,0.00,0.00
2014.02.21 12:13:02.513,13.21855,13.22115,0.00,0.00
2014.02.21 12:13:03.926,13.21842,13.22092,0.00,0.00
2014.02.21 12:13:04.022,13.21842,13.22101,0.00,0.00
2014.02.21 12:13:04.472,13.21856,13.22116,0.00,0.00
2014.02.21 12:13:11.141,13.21865,13.22125,0.00,0.00
2014.02.21 12:13:13.072,13.21846,13.22106,0.00,0.00
2014.02.21 12:13:13.525,13.2187,13.2213,0.00,0.00
2014.02.21 12:13:14.090,13.21846,13.22106,0.00,0.00
2014.02.21 12:13:15.892,13.21862,13.22122,0.00,0.00
2014.02.21 12:13:20.141,13.21846,13.22106,0.00,0.00
2014.02.21 12:13:21.008,13.21861,13.22121,0.00,0.00
2014.02.21 12:13:29.996,13.21849,13.22109,0.00,0.00
2014.02.21 12:13:30.325,13.21854,13.22114,0.00,0.00
2014.02.21 12:13:33.968,13.2184,13.221,0.00,0.00
2014.02.21 12:13:34.373,13.2182,13.2208,0.00,0.00
2014.02.21 12:13:47.983,13.21811,13.22071,0.00,0.00
2014.02.21 12:13:51.803,13.2182,13.2208,0.00,0.00
2014.02.21 12:14:00.887,13.21807,13.22067,0.00,0.00
2014.02.21 12:14:01.886,13.2182,13.2208,0.00,0.00
2014.02.21 12:14:02.803,13.21833,13.2208,0.00,0.00
2014.02.21 12:14:03.068,13.21833,13.2209,0.00,0.00
2014.02.21 12:14:03.118,13.21873,13.2209,0.00,0.00
2014.02.21 12:14:03.219,13.21873,13.2213,0.00,0.00
2014.02.21 12:14:03.609,13.21873,13.2212,0.00,0.00
2014.02.21 12:14:03.719,13.21873,13.2213,0.00,0.00
2014.02.21 12:14:06.837,13.21873,13.22094,0.00,0.00
2014.02.21 12:14:06.887,13.21834,13.22094,0.00,0.00
2014.02.21 12:14:06.947,13.21833,13.22077,0.00,0.00
2014.02.21 12:14:07.296,13.21817,13.22077,0.00,0.00
2014.02.21 12:14:10.436,13.2187,13.2213,0.00,0.00
2014.02.21 12:14:11.097,13.21863,13.22121,0.00,0.00
2014.02.21 12:14:11.636,13.2187,13.2213,0.00,0.00
2014.02.21 12:14:18.343,13.21902,13.2213,0.00,0.00
2014.02.21 12:14:18.714,13.21903,13.2216,0.00,0.00
2014.02.21 12:14:18.948,13.219,13.2216,0.00,0.00
2014.02.21 12:14:21.843,13.2191,13.2217,0.00,0.00
2014.02.21 12:14:22.281,13.21945,13.22205,0.00,0.00
2014.02.21 12:14:23.136,13.21995,13.22255,0.00,0.00
2014.02.21 12:14:23.543,13.22029,13.22289,0.00,0.00
2014.02.21 12:14:24.128,13.22015,13.22275,0.00,0.00
2014.02.21 12:14:24.614,13.22031,13.22291,0.00,0.00
2014.02.21 12:14:25.203,13.22016,13.22276,0.00,0.00
2014.02.21 12:14:27.131,13.22034,13.22294,0.00,0.00
2014.02.21 12:14:28.701,13.22008,13.22268,0.00,0.00
2014.02.21 12:14:29.239,13.22032,13.22292,0.00,0.00
2014.02.21 12:14:30.630,13.22017,13.22277,0.00,0.00
2014.02.21 12:14:32.680,13.22037,13.22297,0.00,0.00
2014.02.21 12:14:34.540,13.22026,13.22286,0.00,0.00
2014.02.21 12:14:35.289,13.22042,13.22302,0.00,0.00
2014.02.21 12:14:35.640,13.2201,13.2227,0.00,0.00
2014.02.21 12:14:36.049,13.22023,13.22283,0.00,0.00
2014.02.21 12:14:36.380,13.22009,13.22269,0.00,0.00
2014.02.21 12:14:38.119,13.21973,13.22218,0.00,0.00
2014.02.21 12:14:38.378,13.21925,13.22185,0.00,0.00
2014.02.21 12:14:38.658,13.21945,13.22205,0.00,0.00
2014.02.21 12:14:39.209,13.2196,13.2222,0.00,0.00
2014.02.21 12:14:39.528,13.22084,13.22344,0.00,0.00
2014.02.21 12:14:39.848,13.22067,13.22327,0.00,0.00
2014.02.21 12:14:40.309,13.22055,13.22315,0.00,0.00
2014.02.21 12:14:40.938,13.22077,13.22337,0.00,0.00
2014.02.21 12:14:41.330,13.22055,13.22315,0.00,0.00
2014.02.21 12:14:42.294,13.22066,13.22326,0.00,0.00
2014.02.21 12:14:42.596,13.22055,13.22315,0.00,0.00
2014.02.21 12:14:43.594,13.22105,13.22357,0.00,0.00
2014.02.21 12:14:43.645,13.22105,13.22365,0.00,0.00
2014.02.21 12:14:44.867,13.22043,13.2229,0.00,0.00
2014.02.21 12:14:44.917,13.2203,13.2229,0.00,0.00
2014.02.21 12:14:44.977,13.22015,13.22275,0.00,0.00
2014.02.21 12:14:46.619,13.22041,13.22301,0.00,0.00
2014.02.21 12:14:47.180,13.22032,13.22292,0.00,0.00
2014.02.21 12:14:47.491,13.22066,13.22326,0.00,0.00
2014.02.21 12:14:47.915,13.22055,13.22315,0.00,0.00
2014.02.21 12:14:48.750,13.22045,13.22305,0.00,0.00
2014.02.21 12:14:49.179,13.2203,13.2229,0.00,0.00
2014.02.21 12:14:52.196,13.2209,13.2235,0.00,0.00
2014.02.21 12:14:52.644,13.22105,13.22365,0.00,0.00
2014.02.21 12:14:56.015,13.2207,13.2233,0.00,0.00
2014.02.21 12:14:56.432,13.22055,13.22315,0.00,0.00
2014.02.21 12:14:59.739,13.2197,13.2223,0.00,0.00
2014.02.21 12:15:00.245,13.21955,13.22215,0.00,0.00
2014.02.21 12:15:01.693,13.21977,13.22237,0.00,0.00
2014.02.21 12:15:02.023,13.21962,13.22222,0.00,0.00
2014.02.21 12:15:03.233,13.21972,13.22232,0.00,0.00
2014.02.21 12:15:03.983,13.21994,13.22254,0.00,0.00
2014.02.21 12:15:05.083,13.21972,13.22232,0.00,0.00
2014.02.21 12:15:05.413,13.21986,13.22246,0.00,0.00
2014.02.21 12:15:10.757,13.21936,13.22196,0.00,0.00
2014.02.21 12:15:11.281,13.21927,13.22187,0.00,0.00
2014.02.21 12:15:11.831,13.21944,13.22204,0.00,0.00
2014.02.21 12:15:13.712,13.21928,13.22188,0.00,0.00
2014.02.21 12:15:16.963,13.21925,13.22185,0.00,0.00
2014.02.21 12:15:17.822,13.21941,13.22197,0.00,0.00
2014.02.21 12:15:18.361,13.21929,13.22189,0.00,0.00
2014.02.21 12:15:19.119,13.21944,13.22197,0.00,0.00
2014.02.21 12:15:19.196,13.21944,13.22204,0.00,0.00
2014.02.21 12:15:20.089,13.21928,13.22188,0.00,0.00
2014.02.21 12:15:23.659,13.21944,13.22204,0.00,0.00
2014.02.21 12:15:26.296,13.21927,13.22187,0.00,0.00
2014.02.21 12:15:26.811,13.21944,13.22204,0.00,0.00
2014.02.21 12:15:27.464,13.21931,13.22191,0.00,0.00
2014.02.21 12:15:27.898,13.21944,13.22204,0.00,0.00
2014.02.21 12:15:36.348,13.21922,13.22182,0.00,0.00
2014.02.21 12:15:36.901,13.21936,13.22196,0.00,0.00
2014.02.21 12:15:43.691,13.21926,13.22186,0.00,0.00
2014.02.21 12:15:46.813,13.21944,13.22204,0.00,0.00
2014.02.21 12:15:55.721,13.21925,13.22185,0.00,0.00
2014.02.21 12:15:56.049,13.21972,13.22185,0.00,0.00
2014.02.21 12:15:56.099,13.21972,13.22204,0.00,0.00
2014.02.21 12:15:56.150,13.22012,13.22204,0.00,0.00
2014.02.21 12:15:56.201,13.22039,13.22299,0.00,0.00
2014.02.21 12:15:56.301,13.22079,13.22339,0.00,0.00
2014.02.21 12:15:56.603,13.22094,13.22354,0.00,0.00
2014.02.21 12:15:56.982,13.22066,13.22326,0.00,0.00
2014.02.21 12:15:57.450,13.22094,13.22354,0.00,0.00
2014.02.21 12:15:58.760,13.22083,13.22343,0.00,0.00
2014.02.21 12:15:59.105,13.22067,13.22327,0.00,0.00
2014.02.21 12:15:59.424,13.22176,13.22436,0.00,0.00
2014.02.21 12:16:00.069,13.22185,13.22445,0.00,0.00
2014.02.21 12:16:00.941,13.22155,13.22415,0.00,0.00
2014.02.21 12:16:01.243,13.22134,13.22394,0.00,0.00
2014.02.21 12:16:01.709,13.22167,13.22427,0.00,0.00
2014.02.21 12:16:02.034,13.22182,13.22442,0.00,0.00
2014.02.21 12:16:03.543,13.22168,13.22428,0.00,0.00
2014.02.21 12:16:03.868,13.22194,13.22454,0.00,0.00
2014.02.21 12:16:04.678,13.22178,13.22438,0.00,0.00
2014.02.21 12:16:05.351,13.22203,13.22454,0.00,0.00
2014.02.21 12:16:07.305,13.22194,13.22454,0.00,0.00
2014.02.21 12:16:07.658,13.22204,13.22464,0.00,0.00
2014.02.21 12:16:08.098,13.22223,13.2247,0.00,0.00
2014.02.21 12:16:08.757,13.22236,13.22496,0.00,0.00
2014.02.21 12:16:10.424,13.22246,13.22506,0.00,0.00
2014.02.21 12:16:11.684,13.22256,13.22516,0.00,0.00
2014.02.21 12:16:12.118,13.22239,13.22499,0.00,0.00
2014.02.21 12:16:12.487,13.2228,13.2254,0.00,0.00
2014.02.21 12:16:13.106,13.22289,13.22549,0.00,0.00
2014.02.21 12:16:13.637,13.22277,13.22537,0.00,0.00
2014.02.21 12:16:14.334,13.22297,13.22557,0.00,0.00
2014.02.21 12:16:15.176,13.2228,13.2254,0.00,0.00
2014.02.21 12:16:16.286,13.22289,13.22549,0.00,0.00
2014.02.21 12:16:16.749,13.22258,13.22518,0.00,0.00
2014.02.21 12:16:17.266,13.22252,13.22512,0.00,0.00
2014.02.21 12:16:17.595,13.22284,13.22544,0.00,0.00
2014.02.21 12:16:17.935,13.2229,13.2255,0.00,0.00
2014.02.21 12:16:18.236,13.22258,13.22518,0.00,0.00
2014.02.21 12:16:18.576,13.22244,13.22504,0.00,0.00
2014.02.21 12:16:18.957,13.2228,13.2254,0.00,0.00
2014.02.21 12:16:19.356,13.22244,13.22504,0.00,0.00
2014.02.21 12:16:19.665,13.22257,13.22517,0.00,0.00
2014.02.21 12:16:20.239,13.22289,13.22549,0.00,0.00
2014.02.21 12:16:20.544,13.22312,13.22572,0.00,0.00
2014.02.21 12:16:21.629,13.22342,13.22602,0.00,0.00
2014.02.21 12:16:24.754,13.22285,13.22545,0.00,0.00
2014.02.21 12:16:25.270,13.2226,13.2252,0.00,0.00
2014.02.21 12:16:26.634,13.22274,13.22534,0.00,0.00
2014.02.21 12:16:27.042,13.22278,13.22538,0.00,0.00
2014.02.21 12:16:27.373,13.22295,13.22555,0.00,0.00
2014.02.21 12:16:29.965,13.22295,13.22555,0.00,0.00
2014.02.21 12:16:30.015,13.22563,13.22663,0.00,0.00
2014.02.21 12:16:30.066,13.22563,13.22815,0.00,0.00
2014.02.21 12:16:30.217,13.22512,13.22745,0.00,0.00
2014.02.21 12:16:30.267,13.22485,13.22745,0.00,0.00
2014.02.21 12:16:30.321,13.22483,13.22735,0.00,0.00
2014.02.21 12:16:30.431,13.22547,13.22807,0.00,0.00
2014.02.21 12:16:30.674,13.22575,13.22835,0.00,0.00
2014.02.21 12:16:31.002,13.22609,13.22869,0.00,0.00
2014.02.21 12:16:31.363,13.22533,13.2278,0.00,0.00
2014.02.21 12:16:31.524,13.22535,13.22795,0.00,0.00
2014.02.21 12:16:31.632,13.22533,13.22785,0.00,0.00
2014.02.21 12:16:31.741,13.22541,13.22801,0.00,0.00
2014.02.21 12:16:31.851,13.22533,13.2278,0.00,0.00
2014.02.21 12:16:32.071,13.2254,13.228,0.00,0.00
2014.02.21 12:16:32.165,13.2254,13.22747,0.00,0.00
2014.02.21 12:16:32.215,13.22452,13.22712,0.00,0.00
2014.02.21 12:16:32.295,13.22452,13.22691,0.00,0.00
2014.02.21 12:16:32.401,13.22452,13.227,0.00,0.00
2014.02.21 12:16:32.452,13.2244,13.227,0.00,0.00
2014.02.21 12:16:32.621,13.22458,13.22718,0.00,0.00
2014.02.21 12:16:33.140,13.22442,13.22702,0.00,0.00
2014.02.21 12:16:33.830,13.22457,13.22717,0.00,0.00
2014.02.21 12:16:34.254,13.22463,13.22717,0.00,0.00
2014.02.21 12:16:34.305,13.22473,13.22733,0.00,0.00
2014.02.21 12:16:34.405,13.22488,13.22748,0.00,0.00
2014.02.21 12:16:34.507,13.22488,13.22758,0.00,0.00
2014.02.21 12:16:34.964,13.22463,13.22733,0.00,0.00
2014.02.21 12:16:35.295,13.22555,13.22815,0.00,0.00
2014.02.21 12:16:35.619,13.22541,13.22801,0.00,0.00
2014.02.21 12:16:36.400,13.22543,13.22803,0.00,0.00
2014.02.21 12:16:36.830,13.2256,13.2282,0.00,0.00
2014.02.21 12:16:37.160,13.2235,13.2261,0.00,0.00
2014.02.21 12:16:37.473,13.22335,13.22595,0.00,0.00
2014.02.21 12:16:37.779,13.22373,13.22633,0.00,0.00
2014.02.21 12:16:38.575,13.22327,13.22587,0.00,0.00
2014.02.21 12:16:39.135,13.22273,13.22519,0.00,0.00
2014.02.21 12:16:39.445,13.22273,13.22495,0.00,0.00
2014.02.21 12:16:39.817,13.22235,13.22495,0.00,0.00
2014.02.21 12:16:39.880,13.22224,13.22484,0.00,0.00
2014.02.21 12:16:40.209,13.22174,13.22434,0.00,0.00
2014.02.21 12:16:40.532,13.22203,13.22463,0.00,0.00
2014.02.21 12:16:41.196,13.22192,13.22452,0.00,0.00
2014.02.21 12:16:41.849,13.22203,13.22463,0.00,0.00
2014.02.21 12:16:42.179,13.22162,13.22422,0.00,0.00
2014.02.21 12:16:42.508,13.22222,13.22482,0.00,0.00
2014.02.21 12:16:45.329,13.22227,13.22487,0.00,0.00
2014.02.21 12:16:46.422,13.22218,13.22478,0.00,0.00
2014.02.21 12:16:47.400,13.22262,13.22522,0.00,0.00
2014.02.21 12:16:49.753,13.22342,13.22522,0.00,0.00
2014.02.21 12:16:49.803,13.22387,13.22577,0.00,0.00
2014.02.21 12:16:49.854,13.22403,13.22647,0.00,0.00
2014.02.21 12:16:49.954,13.22417,13.22677,0.00,0.00
2014.02.21 12:16:50.009,13.22432,13.22692,0.00,0.00
2014.02.21 12:16:50.546,13.22418,13.22678,0.00,0.00
2014.02.21 12:16:51.446,13.22433,13.22692,0.00,0.00
2014.02.21 12:16:52.011,13.22433,13.22682,0.00,0.00
2014.02.21 12:16:52.219,13.22433,13.22692,0.00,0.00
2014.02.21 12:16:52.416,13.22433,13.22619,0.00,0.00
2014.02.21 12:16:52.466,13.22382,13.22619,0.00,0.00
2014.02.21 12:16:52.517,13.22359,13.22619,0.00,0.00
2014.02.21 12:16:52.567,13.22345,13.22605,0.00,0.00
2014.02.21 12:16:59.284,13.22353,13.22605,0.00,0.00
2014.02.21 12:16:59.384,13.22417,13.22677,0.00,0.00
2014.02.21 12:16:59.444,13.22432,13.22692,0.00,0.00
2014.02.21 12:17:00.194,13.22382,13.22642,0.00,0.00
2014.02.21 12:17:00.724,13.22357,13.22617,0.00,0.00
2014.02.21 12:17:01.312,13.22307,13.22567,0.00,0.00
2014.02.21 12:17:02.434,13.2232,13.2258,0.00,0.00
2014.02.21 12:17:02.975,13.22335,13.22595,0.00,0.00
2014.02.21 12:17:04.394,13.22305,13.22565,0.00,0.00
2014.02.21 12:17:05.862,13.22315,13.22575,0.00,0.00
2014.02.21 12:17:07.813,13.22331,13.22591,0.00,0.00
2014.02.21 12:17:08.285,13.22316,13.22576,0.00,0.00
2014.02.21 12:17:08.841,13.22442,13.22576,0.00,0.00
2014.02.21 12:17:08.942,13.22493,13.22718,0.00,0.00
2014.02.21 12:17:09.014,13.2253,13.2279,0.00,0.00
2014.02.21 12:17:10.312,13.22517,13.22777,0.00,0.00
2014.02.21 12:17:11.268,13.22542,13.22777,0.00,0.00
2014.02.21 12:17:11.319,13.2258,13.2284,0.00,0.00
2014.02.21 12:17:11.428,13.22624,13.22884,0.00,0.00
2014.02.21 12:17:11.749,13.22595,13.22855,0.00,0.00
2014.02.21 12:17:12.091,13.2256,13.2282,0.00,0.00
2014.02.21 12:17:12.441,13.2255,13.2281,0.00,0.00
2014.02.21 12:17:12.804,13.22555,13.22815,0.00,0.00
2014.02.21 12:17:13.372,13.22539,13.22799,0.00,0.00
2014.02.21 12:17:13.810,13.22555,13.22815,0.00,0.00
2014.02.21 12:17:14.283,13.2251,13.2277,0.00,0.00
2014.02.21 12:17:16.006,13.22515,13.22775,0.00,0.00
2014.02.21 12:17:16.512,13.22524,13.22784,0.00,0.00
2014.02.21 12:17:16.840,13.22676,13.22936,0.00,0.00
2014.02.21 12:17:17.173,13.2265,13.2291,0.00,0.00
2014.02.21 12:17:17.481,13.22564,13.22824,0.00,0.00
2014.02.21 12:17:17.783,13.22618,13.22878,0.00,0.00
2014.02.21 12:17:18.108,13.2259,13.2285,0.00,0.00
2014.02.21 12:17:18.489,13.22545,13.22805,0.00,0.00
2014.02.21 12:17:18.999,13.22561,13.22821,0.00,0.00
2014.02.21 12:17:19.360,13.22572,13.22832,0.00,0.00
2014.02.21 12:17:20.009,13.22588,13.22848,0.00,0.00
2014.02.21 12:17:20.514,13.22563,13.2282,0.00,0.00
2014.02.21 12:17:20.778,13.22631,13.22891,0.00,0.00
2014.02.21 12:17:21.099,13.2261,13.2287,0.00,0.00
2014.02.21 12:17:21.851,13.2264,13.229,0.00,0.00
2014.02.21 12:17:22.238,13.2261,13.2287,0.00,0.00
2014.02.21 12:17:22.709,13.2264,13.229,0.00,0.00
2014.02.21 12:17:25.027,13.2261,13.2287,0.00,0.00
2014.02.21 12:17:26.517,13.22638,13.22898,0.00,0.00
2014.02.21 12:17:26.838,13.22747,13.23007,0.00,0.00
2014.02.21 12:17:28.567,13.22716,13.22976,0.00,0.00
2014.02.21 12:17:28.877,13.22691,13.22951,0.00,0.00
2014.02.21 12:17:29.217,13.22675,13.22935,0.00,0.00
2014.02.21 12:17:30.186,13.22636,13.22896,0.00,0.00
2014.02.21 12:17:30.504,13.22626,13.22886,0.00,0.00
2014.02.21 12:17:31.624,13.22655,13.22915,0.00,0.00
2014.02.21 12:17:32.928,13.22612,13.22872,0.00,0.00
2014.02.21 12:17:33.256,13.22559,13.22819,0.00,0.00
2014.02.21 12:17:33.590,13.22548,13.22808,0.00,0.00
2014.02.21 12:17:34.225,13.22575,13.22835,0.00,0.00
2014.02.21 12:17:34.665,13.22584,13.22844,0.00,0.00
2014.02.21 12:17:35.075,13.22597,13.22857,0.00,0.00
2014.02.21 12:17:36.286,13.22535,13.22795,0.00,0.00
2014.02.21 12:17:36.846,13.22572,13.22832,0.00,0.00
2014.02.21 12:17:37.173,13.22587,13.22847,0.00,0.00
2014.02.21 12:17:37.687,13.2261,13.2287,0.00,0.00
2014.02.21 12:17:38.590,13.22585,13.22845,0.00,0.00
2014.02.21 12:17:39.165,13.22551,13.22811,0.00,0.00
2014.02.21 12:17:39.505,13.22573,13.22833,0.00,0.00
2014.02.21 12:17:39.833,13.22591,13.22851,0.00,0.00
2014.02.21 12:17:40.308,13.22613,13.22873,0.00,0.00
2014.02.21 12:17:40.684,13.22599,13.22859,0.00,0.00
2014.02.21 12:17:41.424,13.22599,13.22858,0.00,0.00
2014.02.21 12:17:41.475,13.2259,13.2285,0.00,0.00
2014.02.21 12:17:41.575,13.22555,13.22815,0.00,0.00
2014.02.21 12:17:42.943,13.22579,13.22839,0.00,0.00
2014.02.21 12:17:43.592,13.22589,13.22849,0.00,0.00
2014.02.21 12:17:44.243,13.22576,13.22836,0.00,0.00
2014.02.21 12:17:45.344,13.22592,13.22852,0.00,0.00
2014.02.21 12:17:45.762,13.22634,13.22894,0.00,0.00
2014.02.21 12:17:47.753,13.22643,13.22894,0.00,0.00
2014.02.21 12:17:47.803,13.227,13.22958,0.00,0.00
2014.02.21 12:17:47.854,13.227,13.2296,0.00,0.00
2014.02.21 12:17:47.955,13.22723,13.22983,0.00,0.00
2014.02.21 12:17:48.903,13.2271,13.2297,0.00,0.00
2014.02.21 12:17:49.536,13.22723,13.22983,0.00,0.00
2014.02.21 12:17:50.245,13.2271,13.2297,0.00,0.00
2014.02.21 12:17:57.361,13.22726,13.22986,0.00,0.00
2014.02.21 12:17:59.539,13.22711,13.22971,0.00,0.00
2014.02.21 12:17:59.886,13.22722,13.22982,0.00,0.00
2014.02.21 12:18:00.236,13.22742,13.22971,0.00,0.00
2014.02.21 12:18:00.343,13.22796,13.23056,0.00,0.00
2014.02.21 12:18:00.450,13.22811,13.23071,0.00,0.00
2014.02.21 12:18:02.339,13.22851,13.23111,0.00,0.00
2014.02.21 12:18:02.641,13.23042,13.2327,0.00,0.00
2014.02.21 12:18:02.691,13.23061,13.23321,0.00,0.00
2014.02.21 12:18:02.792,13.23076,13.23336,0.00,0.00
2014.02.21 12:18:03.149,13.23114,13.23328,0.00,0.00
2014.02.21 12:18:03.249,13.23031,13.23291,0.00,0.00
2014.02.21 12:18:03.300,13.23031,13.23287,0.00,0.00
2014.02.21 12:18:03.350,13.23011,13.23271,0.00,0.00
2014.02.21 12:18:03.488,13.23001,13.23261,0.00,0.00
2014.02.21 12:18:04.028,13.23013,13.23273,0.00,0.00
2014.02.21 12:18:04.563,13.23018,13.23278,0.00,0.00
2014.02.21 12:18:04.949,13.23006,13.23266,0.00,0.00
2014.02.21 12:18:05.918,13.22996,13.23256,0.00,0.00
2014.02.21 12:18:06.335,13.23006,13.23266,0.00,0.00
2014.02.21 12:18:07.125,13.22986,13.23246,0.00,0.00
2014.02.21 12:18:08.131,13.22995,13.23255,0.00,0.00
2014.02.21 12:18:08.436,13.22886,13.23146,0.00,0.00
2014.02.21 12:18:10.287,13.22883,13.23129,0.00,0.00
2014.02.21 12:18:11.302,13.22883,13.23114,0.00,0.00
2014.02.21 12:18:11.600,13.22883,13.23129,0.00,0.00
2014.02.21 12:18:11.696,13.22885,13.23145,0.00,0.00
2014.02.21 12:18:13.971,13.22989,13.23228,0.00,0.00
2014.02.21 12:18:14.022,13.22989,13.23237,0.00,0.00
2014.02.21 12:18:14.122,13.22932,13.23192,0.00,0.00
2014.02.21 12:18:14.186,13.22966,13.23226,0.00,0.00
2014.02.21 12:18:14.492,13.22943,13.23194,0.00,0.00
2014.02.21 12:18:14.543,13.23015,13.23275,0.00,0.00
2014.02.21 12:18:14.743,13.23032,13.23292,0.00,0.00
2014.02.21 12:18:15.065,13.23017,13.23277,0.00,0.00
2014.02.21 12:18:15.395,13.23002,13.23262,0.00,0.00
2014.02.21 12:18:15.704,13.22968,13.23228,0.00,0.00
2014.02.21 12:18:16.007,13.22979,13.23239,0.00,0.00
2014.02.21 12:18:16.416,13.22933,13.23188,0.00,0.00
2014.02.21 12:18:16.517,13.22992,13.23252,0.00,0.00
2014.02.21 12:18:16.805,13.23009,13.23269,0.00,0.00
2014.02.21 12:18:17.455,13.22982,13.23242,0.00,0.00
2014.02.21 12:18:17.790,13.22987,13.23247,0.00,0.00
2014.02.21 12:18:18.214,13.22972,13.23232,0.00,0.00
2014.02.21 12:18:18.702,13.23005,13.23265,0.00,0.00
2014.02.21 12:18:19.050,13.2302,13.2328,0.00,0.00
2014.02.21 12:18:19.358,13.22992,13.23252,0.00,0.00
2014.02.21 12:18:19.965,13.23032,13.23287,0.00,0.00
2014.02.21 12:18:20.084,13.23017,13.23277,0.00,0.00
2014.02.21 12:18:22.204,13.22986,13.23246,0.00,0.00
2014.02.21 12:18:22.550,13.22961,13.23221,0.00,0.00
2014.02.21 12:18:23.303,13.22941,13.23201,0.00,0.00
2014.02.21 12:18:23.854,13.22931,13.23191,0.00,0.00
2014.02.21 12:18:24.174,13.22896,13.23156,0.00,0.00
2014.02.21 12:18:24.605,13.22846,13.23106,0.00,0.00
2014.02.21 12:18:24.983,13.22836,13.23096,0.00,0.00
2014.02.21 12:18:25.343,13.22836,13.23058,0.00,0.00
2014.02.21 12:18:25.494,13.22721,13.22981,0.00,0.00
2014.02.21 12:18:25.892,13.22721,13.22977,0.00,0.00
2014.02.21 12:18:25.943,13.22681,13.22941,0.00,0.00
2014.02.21 12:18:26.033,13.22671,13.22931,0.00,0.00
2014.02.21 12:18:26.346,13.22691,13.22951,0.00,0.00
2014.02.21 12:18:26.803,13.22661,13.22921,0.00,0.00
2014.02.21 12:18:27.242,13.22678,13.22938,0.00,0.00
2014.02.21 12:18:28.862,13.22721,13.22977,0.00,0.00
2014.02.21 12:18:29.022,13.22761,13.23021,0.00,0.00
2014.02.21 12:18:30.241,13.22771,13.23031,0.00,0.00
2014.02.21 12:18:30.782,13.22731,13.22991,0.00,0.00
2014.02.21 12:18:31.662,13.22696,13.22956,0.00,0.00
2014.02.21 12:18:31.993,13.22671,13.22931,0.00,0.00
2014.02.21 12:18:32.402,13.22708,13.22968,0.00,0.00
2014.02.21 12:18:32.732,13.22766,13.22997,0.00,0.00
2014.02.21 12:18:35.739,13.22755,13.22997,0.00,0.00
2014.02.21 12:18:36.219,13.22753,13.22997,0.00,0.00
2014.02.21 12:18:36.519,13.22771,13.22997,0.00,0.00
2014.02.21 12:18:39.615,13.22771,13.22958,0.00,0.00
2014.02.21 12:18:39.666,13.22761,13.22958,0.00,0.00
2014.02.21 12:18:39.817,13.22706,13.22958,0.00,0.00
2014.02.21 12:18:39.918,13.22691,13.22951,0.00,0.00
2014.02.21 12:18:41.059,13.22656,13.22916,0.00,0.00
2014.02.21 12:18:42.050,13.22666,13.22926,0.00,0.00
2014.02.21 12:18:42.671,13.22676,13.22936,0.00,0.00
2014.02.21 12:18:43.249,13.22681,13.22937,0.00,0.00
2014.02.21 12:18:44.538,13.22658,13.22918,0.00,0.00
2014.02.21 12:18:44.858,13.22685,13.22937,0.00,0.00
2014.02.21 12:18:45.188,13.22669,13.22929,0.00,0.00
2014.02.21 12:18:45.938,13.22642,13.22902,0.00,0.00
2014.02.21 12:18:46.815,13.22641,13.22901,0.00,0.00
2014.02.21 12:18:47.119,13.22711,13.22971,0.00,0.00
2014.02.21 12:18:47.523,13.22686,13.22946,0.00,0.00
2014.02.21 12:18:49.207,13.22646,13.22906,0.00,0.00
2014.02.21 12:18:54.166,13.22691,13.22947,0.00,0.00
2014.02.21 12:18:54.496,13.22659,13.22919,0.00,0.00
2014.02.21 12:18:54.764,13.22686,13.22946,0.00,0.00
2014.02.21 12:18:56.587,13.22658,13.22918,0.00,0.00
2014.02.21 12:18:57.425,13.22676,13.22936,0.00,0.00
2014.02.21 12:18:59.706,13.22756,13.23007,0.00,0.00
2014.02.21 12:19:00.072,13.22772,13.23007,0.00,0.00
2014.02.21 12:19:03.762,13.22754,13.23007,0.00,0.00
2014.02.21 12:19:05.023,13.22736,13.22996,0.00,0.00
2014.02.21 12:19:05.499,13.22751,13.23007,0.00,0.00
2014.02.21 12:19:05.603,13.22736,13.22996,0.00,0.00
2014.02.21 12:19:08.212,13.22749,13.23007,0.00,0.00
2014.02.21 12:19:10.811,13.22749,13.22967,0.00,0.00
2014.02.21 12:19:10.862,13.22682,13.22942,0.00,0.00
2014.02.21 12:19:10.981,13.22665,13.22925,0.00,0.00
2014.02.21 12:19:11.333,13.22674,13.22934,0.00,0.00
2014.02.21 12:19:13.122,13.22651,13.22911,0.00,0.00
2014.02.21 12:19:13.452,13.22593,13.22853,0.00,0.00
2014.02.21 12:19:13.781,13.22584,13.22844,0.00,0.00
2014.02.21 12:19:14.541,13.22601,13.22857,0.00,0.00
2014.02.21 12:19:14.591,13.22601,13.22861,0.00,0.00
2014.02.21 12:19:14.650,13.22656,13.22916,0.00,0.00
2014.02.21 12:19:14.985,13.22643,13.22903,0.00,0.00
2014.02.21 12:19:15.431,13.22693,13.22917,0.00,0.00
2014.02.21 12:19:16.437,13.22683,13.22917,0.00,0.00
2014.02.21 12:19:16.538,13.22668,13.22897,0.00,0.00
2014.02.21 12:19:16.638,13.22648,13.22897,0.00,0.00
2014.02.21 12:19:16.740,13.22663,13.22897,0.00,0.00
2014.02.21 12:19:16.900,13.22678,13.22917,0.00,0.00
2014.02.21 12:19:18.363,13.22665,13.22917,0.00,0.00
2014.02.21 12:19:18.890,13.22678,13.22917,0.00,0.00
2014.02.21 12:19:19.988,13.22678,13.22897,0.00,0.00
2014.02.21 12:19:20.039,13.2266,13.22897,0.00,0.00
2014.02.21 12:19:20.139,13.2265,13.22917,0.00,0.00
2014.02.21 12:19:20.409,13.22668,13.22917,0.00,0.00
2014.02.21 12:19:20.822,13.22668,13.22877,0.00,0.00
2014.02.21 12:19:20.872,13.22624,13.22858,0.00,0.00
2014.02.21 12:19:21.015,13.22602,13.22858,0.00,0.00
2014.02.21 12:19:22.343,13.22662,13.22877,0.00,0.00
2014.02.21 12:19:22.393,13.22745,13.23027,0.00,0.00
2014.02.21 12:19:22.469,13.22754,13.23027,0.00,0.00
2014.02.21 12:19:22.909,13.22767,13.23027,0.00,0.00
2014.02.21 12:19:23.129,13.22753,13.23027,0.00,0.00
2014.02.21 12:19:25.179,13.22762,13.23027,0.00,0.00
2014.02.21 12:19:27.578,13.22753,13.23027,0.00,0.00
2014.02.21 12:19:28.767,13.22762,13.23027,0.00,0.00
2014.02.21 12:19:33.669,13.22753,13.23027,0.00,0.00
2014.02.21 12:19:33.866,13.22733,13.23018,0.00,0.00
2014.02.21 12:19:33.916,13.22733,13.22927,0.00,0.00
2014.02.21 12:19:33.976,13.22698,13.22927,0.00,0.00
2014.02.21 12:19:34.086,13.22723,13.22967,0.00,0.00
2014.02.21 12:19:34.195,13.22703,13.22967,0.00,0.00
2014.02.21 12:19:34.717,13.22703,13.22958,0.00,0.00
2014.02.21 12:19:34.768,13.22663,13.22948,0.00,0.00
2014.02.21 12:19:36.232,13.22663,13.22858,0.00,0.00
2014.02.21 12:19:36.282,13.22653,13.22858,0.00,0.00
2014.02.21 12:19:36.383,13.226,13.22858,0.00,0.00
2014.02.21 12:19:36.596,13.22577,13.22858,0.00,0.00
2014.02.21 12:19:36.707,13.22592,13.22858,0.00,0.00
2014.02.21 12:19:38.925,13.22576,13.22858,0.00,0.00
2014.02.21 12:19:39.792,13.22638,13.22917,0.00,0.00
2014.02.21 12:19:40.250,13.22658,13.22917,0.00,0.00
2014.02.21 12:19:40.525,13.22628,13.22913,0.00,0.00
2014.02.21 12:19:40.705,13.22613,13.22898,0.00,0.00
2014.02.21 12:19:40.807,13.22604,13.22894,0.00,0.00
2014.02.21 12:19:40.958,13.22604,13.22858,0.00,0.00
2014.02.21 12:19:41.025,13.22575,13.22858,0.00,0.00
2014.02.21 12:19:43.833,13.22605,13.22858,0.00,0.00
2014.02.21 12:19:44.832,13.22573,13.22858,0.00,0.00
2014.02.21 12:19:46.017,13.22601,13.22858,0.00,0.00
2014.02.21 12:19:46.433,13.2257,13.22855,0.00,0.00
2014.02.21 12:19:51.502,13.22575,13.22858,0.00,0.00
2014.02.21 12:19:51.932,13.22475,13.22717,0.00,0.00
2014.02.21 12:19:52.395,13.2249,13.22717,0.00,0.00
2014.02.21 12:19:52.611,13.22472,13.22717,0.00,0.00
2014.02.21 12:19:56.512,13.22485,13.22717,0.00,0.00
2014.02.21 12:20:03.861,13.22485,13.22737,0.00,0.00
2014.02.21 12:20:04.989,13.22475,13.22737,0.00,0.00
2014.02.21 12:20:05.072,13.22475,13.22707,0.00,0.00
2014.02.21 12:20:08.121,13.22485,13.22707,0.00,0.00
2014.02.21 12:20:19.041,13.22485,13.22727,0.00,0.00
2014.02.21 12:20:26.476,13.22476,13.22727,0.00,0.00
2014.02.21 12:20:26.804,13.22467,13.22727,0.00,0.00
2014.02.21 12:20:27.034,13.2249,13.22727,0.00,0.00
2014.02.21 12:20:29.092,13.22472,13.22727,0.00,0.00
2014.02.21 12:20:30.174,13.22489,13.22727,0.00,0.00
2014.02.21 12:20:32.343,13.22478,13.22727,0.00,0.00
2014.02.21 12:20:35.002,13.22489,13.22727,0.00,0.00
2014.02.21 12:20:35.442,13.22473,13.22727,0.00,0.00
2014.02.21 12:20:35.984,13.22473,13.22697,0.00,0.00
2014.02.21 12:20:36.035,13.22448,13.22697,0.00,0.00
2014.02.21 12:20:36.216,13.22433,13.22697,0.00,0.00
2014.02.21 12:20:36.531,13.22433,13.22667,0.00,0.00
2014.02.21 12:20:38.221,13.22419,13.22667,0.00,0.00
2014.02.21 12:20:38.289,13.22419,13.22658,0.00,0.00
2014.02.21 12:20:38.339,13.22404,13.22647,0.00,0.00
2014.02.21 12:20:38.661,13.22394,13.22647,0.00,0.00
2014.02.21 12:20:39.060,13.22394,13.22627,0.00,0.00
2014.02.21 12:20:39.111,13.22384,13.22627,0.00,0.00
2014.02.21 12:20:39.311,13.22324,13.22609,0.00,0.00
2014.02.21 12:20:39.362,13.22324,13.22598,0.00,0.00
2014.02.21 12:20:39.677,13.22269,13.22487,0.00,0.00
2014.02.21 12:20:40.303,13.22279,13.22487,0.00,0.00
2014.02.21 12:20:40.403,13.22279,13.22527,0.00,0.00
2014.02.21 12:20:40.454,13.22269,13.22527,0.00,0.00
2014.02.21 12:20:42.471,13.22269,13.22497,0.00,0.00
2014.02.21 12:20:42.693,13.22279,13.22558,0.00,0.00
2014.02.21 12:20:42.743,13.22334,13.22558,0.00,0.00
2014.02.21 12:20:42.860,13.22349,13.22617,0.00,0.00
2014.02.21 12:20:42.923,13.22369,13.22617,0.00,0.00
2014.02.21 12:20:43.076,13.22359,13.22617,0.00,0.00
2014.02.21 12:20:43.183,13.22344,13.22617,0.00,0.00
2014.02.21 12:20:43.288,13.22354,13.22607,0.00,0.00
2014.02.21 12:20:43.817,13.22369,13.22607,0.00,0.00
2014.02.21 12:20:44.155,13.22379,13.22607,0.00,0.00
2014.02.21 12:20:44.349,13.2237,13.22607,0.00,0.00
2014.02.21 12:20:51.657,13.2237,13.22558,0.00,0.00
2014.02.21 12:20:51.761,13.22304,13.22547,0.00,0.00
2014.02.21 12:20:51.857,13.22304,13.22528,0.00,0.00
2014.02.21 12:20:51.908,13.22271,13.22528,0.00,0.00
2014.02.21 12:20:52.107,13.22244,13.22528,0.00,0.00
2014.02.21 12:20:52.431,13.22244,13.22497,0.00,0.00
2014.02.21 12:20:54.366,13.22229,13.22497,0.00,0.00
2014.02.21 12:20:54.417,13.22229,13.22487,0.00,0.00
2014.02.21 12:20:54.802,13.22239,13.22487,0.00,0.00
2014.02.21 12:20:56.316,13.22259,13.22487,0.00,0.00
2014.02.21 12:20:56.772,13.22274,13.22487,0.00,0.00
2014.02.21 12:20:56.881,13.22254,13.22487,0.00,0.00
2014.02.21 12:20:57.015,13.22239,13.22487,0.00,0.00
2014.02.21 12:20:57.622,13.22249,13.22487,0.00,0.00
2014.02.21 12:20:58.182,13.22264,13.22487,0.00,0.00
2014.02.21 12:20:58.796,13.22274,13.22487,0.00,0.00
2014.02.21 12:20:58.847,13.22274,13.22517,0.00,0.00
2014.02.21 12:20:59.455,13.22254,13.22517,0.00,0.00
2014.02.21 12:20:59.713,13.22254,13.22487,0.00,0.00
2014.02.21 12:20:59.875,13.22249,13.22487,0.00,0.00
2014.02.21 12:20:59.926,13.22249,13.22527,0.00,0.00
2014.02.21 12:20:59.985,13.22289,13.22527,0.00,0.00
2014.02.21 12:21:00.425,13.22273,13.22527,0.00,0.00
2014.02.21 12:21:00.786,13.22294,13.22527,0.00,0.00
2014.02.21 12:21:02.164,13.22324,13.22527,0.00,0.00
2014.02.21 12:21:02.221,13.22324,13.22558,0.00,0.00
2014.02.21 12:21:02.276,13.22324,13.22567,0.00,0.00
2014.02.21 12:21:02.326,13.22334,13.22567,0.00,0.00
2014.02.21 12:21:02.684,13.22364,13.22567,0.00,0.00
2014.02.21 12:21:03.145,13.22332,13.22567,0.00,0.00
2014.02.21 12:21:03.246,13.22362,13.22567,0.00,0.00
2014.02.21 12:21:04.004,13.22348,13.22567,0.00,0.00
2014.02.21 12:21:05.196,13.22333,13.22567,0.00,0.00
2014.02.21 12:21:05.414,13.22324,13.22567,0.00,0.00
2014.02.21 12:21:06.309,13.22324,13.22597,0.00,0.00
2014.02.21 12:21:08.004,13.22352,13.22597,0.00,0.00
2014.02.21 12:21:08.983,13.22361,13.22597,0.00,0.00
2014.02.21 12:21:10.822,13.2237,13.22597,0.00,0.00
2014.02.21 12:21:11.154,13.22354,13.22597,0.00,0.00
2014.02.21 12:21:12.451,13.22344,13.22597,0.00,0.00
2014.02.21 12:21:12.652,13.22368,13.22597,0.00,0.00
2014.02.21 12:21:19.691,13.22344,13.22597,0.00,0.00
2014.02.21 12:21:27.558,13.22368,13.22597,0.00,0.00
2014.02.21 12:21:30.170,13.22349,13.22597,0.00,0.00
2014.02.21 12:21:33.526,13.22371,13.22597,0.00,0.00
2014.02.21 12:21:33.577,13.22371,13.22637,0.00,0.00
2014.02.21 12:21:34.707,13.22381,13.22637,0.00,0.00
2014.02.21 12:21:35.357,13.22359,13.22637,0.00,0.00
2014.02.21 12:21:35.947,13.22358,13.22637,0.00,0.00
2014.02.21 12:21:35.997,13.22374,13.22637,0.00,0.00
2014.02.21 12:21:36.646,13.22389,13.22637,0.00,0.00
2014.02.21 12:21:40.776,13.22361,13.22637,0.00,0.00
2014.02.21 12:21:41.159,13.22361,13.22646,0.00,0.00
2014.02.21 12:21:41.210,13.22409,13.22658,0.00,0.00
2014.02.21 12:21:41.260,13.22409,13.22677,0.00,0.00
2014.02.21 12:21:41.311,13.22434,13.22677,0.00,0.00
2014.02.21 12:21:41.412,13.22406,13.22677,0.00,0.00
2014.02.21 12:21:42.714,13.22368,13.22653,0.00,0.00
2014.02.21 12:21:44.214,13.22389,13.22657,0.00,0.00
2014.02.21 12:21:44.336,13.22372,13.22657,0.00,0.00
2014.02.21 12:21:44.544,13.22389,13.22657,0.00,0.00
2014.02.21 12:21:46.273,13.22371,13.22656,0.00,0.00
2014.02.21 12:21:46.904,13.22389,13.22657,0.00,0.00
2014.02.21 12:21:47.895,13.22369,13.22654,0.00,0.00
2014.02.21 12:21:48.005,13.22385,13.22657,0.00,0.00
2014.02.21 12:21:48.885,13.22489,13.22774,0.00,0.00
2014.02.21 12:21:48.992,13.22522,13.22807,0.00,0.00
2014.02.21 12:21:49.325,13.22534,13.22807,0.00,0.00
2014.02.21 12:21:51.432,13.22519,13.22804,0.00,0.00
2014.02.21 12:21:51.583,13.22506,13.22791,0.00,0.00
2014.02.21 12:21:51.982,13.22501,13.22786,0.00,0.00
2014.02.21 12:21:52.422,13.22533,13.22787,0.00,0.00
2014.02.21 12:21:52.972,13.22542,13.22787,0.00,0.00
2014.02.21 12:21:53.022,13.22542,13.22807,0.00,0.00
2014.02.21 12:21:53.082,13.22551,13.22807,0.00,0.00
2014.02.21 12:21:53.522,13.2254,13.22807,0.00,0.00
2014.02.21 12:21:54.869,13.22489,13.22774,0.00,0.00
2014.02.21 12:21:54.920,13.22489,13.22747,0.00,0.00
2014.02.21 12:21:54.970,13.22477,13.22747,0.00,0.00
2014.02.21 12:21:55.074,13.22463,13.22747,0.00,0.00
2014.02.21 12:21:55.273,13.22494,13.22747,0.00,0.00
2014.02.21 12:21:55.601,13.22481,13.22747,0.00,0.00
2014.02.21 12:21:55.761,13.22497,13.22747,0.00,0.00
2014.02.21 12:21:56.142,13.22509,13.22747,0.00,0.00
2014.02.21 12:21:56.199,13.22509,13.22758,0.00,0.00
2014.02.21 12:21:56.250,13.22509,13.22794,0.00,0.00
2014.02.21 12:21:56.300,13.22562,13.22797,0.00,0.00
2014.02.21 12:21:56.351,13.22562,13.22817,0.00,0.00
2014.02.21 12:21:56.681,13.22546,13.22817,0.00,0.00
2014.02.21 12:21:59.298,13.22534,13.22817,0.00,0.00
2014.02.21 12:22:00.310,13.22562,13.22817,0.00,0.00
2014.02.21 12:22:00.411,13.22546,13.22817,0.00,0.00
2014.02.21 12:22:00.619,13.22562,13.22817,0.00,0.00
2014.02.21 12:22:00.827,13.22534,13.22817,0.00,0.00
2014.02.21 12:22:00.929,13.22547,13.22817,0.00,0.00
2014.02.21 12:22:01.250,13.22563,13.22817,0.00,0.00
2014.02.21 12:22:01.470,13.22543,13.22817,0.00,0.00
2014.02.21 12:22:01.580,13.22577,13.22817,0.00,0.00
2014.02.21 12:22:01.630,13.22577,13.22847,0.00,0.00
2014.02.21 12:22:01.830,13.22549,13.22834,0.00,0.00
2014.02.21 12:22:02.129,13.22576,13.22847,0.00,0.00
2014.02.21 12:22:02.559,13.2256,13.22845,0.00,0.00
2014.02.21 12:22:02.672,13.2258,13.22847,0.00,0.00
2014.02.21 12:22:02.780,13.2256,13.22845,0.00,0.00
2014.02.21 12:22:02.890,13.22549,13.22834,0.00,0.00
2014.02.21 12:22:03.430,13.22552,13.22837,0.00,0.00
2014.02.21 12:22:03.759,13.22583,13.22847,0.00,0.00
2014.02.21 12:22:03.938,13.22598,13.22883,0.00,0.00
2014.02.21 12:22:03.989,13.22654,13.22937,0.00,0.00
2014.02.21 12:22:04.308,13.22734,13.22987,0.00,0.00
2014.02.21 12:22:05.609,13.22745,13.22987,0.00,0.00
2014.02.21 12:22:08.399,13.22724,13.22987,0.00,0.00
2014.02.21 12:22:08.511,13.22714,13.22987,0.00,0.00
2014.02.21 12:22:08.619,13.22731,13.22987,0.00,0.00
2014.02.21 12:22:08.987,13.22714,13.22927,0.00,0.00
2014.02.21 12:22:09.087,13.22702,13.22987,0.00,0.00
2014.02.21 12:22:09.292,13.22731,13.22997,0.00,0.00
2014.02.21 12:22:09.498,13.22682,13.22958,0.00,0.00
2014.02.21 12:22:09.549,13.22682,13.22937,0.00,0.00
2014.02.21 12:22:09.608,13.22657,13.22937,0.00,0.00
2014.02.21 12:22:09.718,13.22647,13.22932,0.00,0.00
2014.02.21 12:22:09.940,13.22617,13.22902,0.00,0.00
2014.02.21 12:22:10.378,13.22587,13.22858,0.00,0.00
2014.02.21 12:22:10.518,13.22558,13.22843,0.00,0.00
2014.02.21 12:22:10.710,13.22584,13.22858,0.00,0.00
2014.02.21 12:22:10.818,13.22569,13.22854,0.00,0.00
2014.02.21 12:22:11.038,13.22553,13.22838,0.00,0.00
2014.02.21 12:22:12.017,13.2258,13.22858,0.00,0.00
2014.02.21 12:22:12.127,13.2256,13.22845,0.00,0.00
2014.02.21 12:22:13.298,13.2256,13.22758,0.00,0.00
2014.02.21 12:22:13.459,13.22483,13.22758,0.00,0.00
2014.02.21 12:22:13.560,13.22467,13.22752,0.00,0.00
2014.02.21 12:22:13.778,13.22497,13.22758,0.00,0.00
2014.02.21 12:22:13.887,13.2247,13.22755,0.00,0.00
2014.02.21 12:22:14.574,13.22485,13.22757,0.00,0.00
2014.02.21 12:22:15.025,13.22507,13.22757,0.00,0.00
2014.02.21 12:22:16.659,13.22507,13.22792,0.00,0.00
2014.02.21 12:22:16.710,13.22522,13.22797,0.00,0.00
2014.02.21 12:22:18.363,13.22535,13.22758,0.00,0.00
2014.02.21 12:22:18.416,13.22485,13.22758,0.00,0.00
2014.02.21 12:22:18.736,13.22496,13.22758,0.00,0.00
2014.02.21 12:22:19.395,13.2248,13.22758,0.00,0.00
2014.02.21 12:22:20.284,13.2248,13.22765,0.00,0.00
2014.02.21 12:22:20.375,13.22521,13.22767,0.00,0.00
2014.02.21 12:22:20.687,13.22534,13.22767,0.00,0.00
2014.02.21 12:22:20.737,13.22519,13.22767,0.00,0.00
2014.02.21 12:22:26.296,13.22543,13.22767,0.00,0.00
2014.02.21 12:22:26.346,13.22543,13.22797,0.00,0.00
2014.02.21 12:22:26.745,13.22535,13.22797,0.00,0.00
2014.02.21 12:22:26.813,13.22503,13.22788,0.00,0.00
2014.02.21 12:22:27.473,13.22518,13.22797,0.00,0.00
2014.02.21 12:22:28.649,13.22518,13.22687,0.00,0.00
2014.02.21 12:22:28.699,13.22462,13.22687,0.00,0.00
2014.02.21 12:22:28.794,13.22436,13.22687,0.00,0.00
2014.02.21 12:22:28.916,13.2242,13.22687,0.00,0.00
2014.02.21 12:22:30.140,13.2243,13.22687,0.00,0.00
2014.02.21 12:22:31.742,13.22415,13.22687,0.00,0.00
2014.02.21 12:22:32.292,13.22437,13.22687,0.00,0.00
2014.02.21 12:22:34.671,13.22415,13.22687,0.00,0.00
2014.02.21 12:22:34.721,13.22431,13.22687,0.00,0.00
2014.02.21 12:22:35.023,13.22462,13.22687,0.00,0.00
2014.02.21 12:22:35.991,13.22438,13.22687,0.00,0.00
2014.02.21 12:22:36.101,13.22477,13.22687,0.00,0.00
2014.02.21 12:22:36.152,13.22477,13.22717,0.00,0.00
2014.02.21 12:22:36.211,13.22452,13.22717,0.00,0.00
2014.02.21 12:22:36.261,13.22452,13.22708,0.00,0.00
2014.02.21 12:22:36.321,13.22424,13.22708,0.00,0.00
2014.02.21 12:22:36.372,13.22424,13.22667,0.00,0.00
2014.02.21 12:22:36.431,13.22411,13.22667,0.00,0.00
2014.02.21 12:22:36.651,13.22422,13.22667,0.00,0.00
2014.02.21 12:22:36.791,13.22406,13.22667,0.00,0.00
2014.02.21 12:22:39.431,13.22437,13.22667,0.00,0.00
2014.02.21 12:22:39.541,13.22414,13.22667,0.00,0.00
2014.02.21 12:22:40.428,13.22447,13.22697,0.00,0.00
2014.02.21 12:22:40.744,13.22464,13.22697,0.00,0.00
2014.02.21 12:22:41.071,13.2245,13.22697,0.00,0.00
2014.02.21 12:22:41.183,13.22434,13.22697,0.00,0.00
2014.02.21 12:22:41.340,13.2247,13.22697,0.00,0.00
2014.02.21 12:22:41.875,13.2247,13.22657,0.00,0.00
2014.02.21 12:22:42.186,13.22371,13.22656,0.00,0.00
2014.02.21 12:22:42.398,13.22371,13.22637,0.00,0.00
2014.02.21 12:22:44.519,13.2238,13.22637,0.00,0.00
2014.02.21 12:22:45.117,13.22363,13.22637,0.00,0.00
2014.02.21 12:22:47.355,13.22382,13.22637,0.00,0.00
2014.02.21 12:22:48.168,13.22382,13.22657,0.00,0.00
2014.02.21 12:22:48.219,13.22392,13.22657,0.00,0.00
2014.02.21 12:22:48.897,13.22381,13.22657,0.00,0.00
2014.02.21 12:22:50.979,13.22372,13.22657,0.00,0.00
2014.02.21 12:22:53.440,13.22397,13.22657,0.00,0.00
2014.02.21 12:22:54.417,13.22382,13.22657,0.00,0.00
2014.02.21 12:22:55.178,13.22398,13.22657,0.00,0.00
2014.02.21 12:22:55.758,13.22382,13.22657,0.00,0.00
2014.02.21 12:22:56.918,13.22373,13.22657,0.00,0.00
2014.02.21 12:22:56.969,13.22373,13.22627,0.00,0.00
2014.02.21 12:22:57.027,13.22358,13.22627,0.00,0.00
2014.02.21 12:22:57.136,13.22374,13.22627,0.00,0.00
2014.02.21 12:22:58.437,13.22357,13.22627,0.00,0.00
2014.02.21 12:22:58.676,13.2234,13.22625,0.00,0.00
2014.02.21 12:22:58.726,13.2234,13.22558,0.00,0.00
2014.02.21 12:22:58.776,13.22284,13.22537,0.00,0.00
2014.02.21 12:22:58.878,13.22272,13.22537,0.00,0.00
2014.02.21 12:23:00.613,13.22281,13.22537,0.00,0.00
2014.02.21 12:23:01.145,13.2227,13.22537,0.00,0.00
2014.02.21 12:23:04.835,13.22306,13.22537,0.00,0.00
2014.02.21 12:23:04.936,13.22306,13.22567,0.00,0.00
2014.02.21 12:23:04.986,13.22306,13.22558,0.00,0.00
2014.02.21 12:23:05.541,13.22302,13.22558,0.00,0.00
2014.02.21 12:23:05.591,13.22302,13.22547,0.00,0.00
2014.02.21 12:23:05.896,13.22321,13.22577,0.00,0.00
2014.02.21 12:23:06.006,13.22336,13.22577,0.00,0.00
2014.02.21 12:23:08.252,13.22315,13.22577,0.00,0.00
2014.02.21 12:23:08.884,13.22332,13.22577,0.00,0.00
2014.02.21 12:23:10.975,13.223,13.22577,0.00,0.00
2014.02.21 12:23:11.026,13.223,13.22558,0.00,0.00
2014.02.21 12:23:11.529,13.223,13.22557,0.00,0.00
2014.02.21 12:23:14.458,13.223,13.22487,0.00,0.00
2014.02.21 12:23:14.508,13.22259,13.22487,0.00,0.00
2014.02.21 12:23:14.584,13.22213,13.22487,0.00,0.00
2014.02.21 12:23:15.008,13.22213,13.22467,0.00,0.00
2014.02.21 12:23:15.451,13.22204,13.22467,0.00,0.00
2014.02.21 12:23:15.520,13.22204,13.22458,0.00,0.00
2014.02.21 12:23:22.611,13.22191,13.22458,0.00,0.00
2014.02.21 12:23:23.250,13.22201,13.22458,0.00,0.00
2014.02.21 12:23:23.300,13.22201,13.22467,0.00,0.00
2014.02.21 12:23:23.368,13.22201,13.22447,0.00,0.00
2014.02.21 12:23:31.911,13.22191,13.22447,0.00,0.00
2014.02.21 12:23:32.319,13.22201,13.22447,0.00,0.00
2014.02.21 12:23:32.423,13.22201,13.22458,0.00,0.00
2014.02.21 12:23:32.637,13.22191,13.22458,0.00,0.00
2014.02.21 12:23:33.598,13.22191,13.22447,0.00,0.00
2014.02.21 12:23:39.238,13.22181,13.22447,0.00,0.00
2014.02.21 12:23:41.168,13.22171,13.22447,0.00,0.00
2014.02.21 12:23:42.255,13.22181,13.22447,0.00,0.00
2014.02.21 12:23:49.707,13.22181,13.22427,0.00,0.00
2014.02.21 12:23:51.577,13.22181,13.22387,0.00,0.00
2014.02.21 12:23:51.678,13.22151,13.22387,0.00,0.00
2014.02.21 12:23:51.729,13.22116,13.22387,0.00,0.00
2014.02.21 12:23:52.581,13.22116,13.22358,0.00,0.00
2014.02.21 12:23:54.327,13.22116,13.22357,0.00,0.00
2014.02.21 12:23:54.378,13.22101,13.22357,0.00,0.00
2014.02.21 12:23:57.049,13.22076,13.22357,0.00,0.00
2014.02.21 12:23:57.100,13.22076,13.22317,0.00,0.00
2014.02.21 12:23:57.206,13.22086,13.22347,0.00,0.00
2014.02.21 12:23:57.262,13.22121,13.22347,0.00,0.00
2014.02.21 12:23:57.312,13.22121,13.22377,0.00,0.00
2014.02.21 12:23:57.372,13.22136,13.22377,0.00,0.00
2014.02.21 12:24:02.830,13.22146,13.22417,0.00,0.00
2014.02.21 12:24:02.890,13.22181,13.22417,0.00,0.00
2014.02.21 12:24:06.784,13.22281,13.22558,0.00,0.00
2014.02.21 12:24:06.884,13.22336,13.22567,0.00,0.00
2014.02.21 12:24:07.307,13.22336,13.22587,0.00,0.00
2014.02.21 12:24:07.702,13.22346,13.22587,0.00,0.00
2014.02.21 12:24:07.752,13.22346,13.22627,0.00,0.00
2014.02.21 12:24:07.852,13.22391,13.22627,0.00,0.00
2014.02.21 12:24:08.139,13.22378,13.22627,0.00,0.00
2014.02.21 12:24:08.469,13.22391,13.22627,0.00,0.00
2014.02.21 12:24:10.086,13.2235,13.22627,0.00,0.00
2014.02.21 12:24:10.338,13.22362,13.22627,0.00,0.00
2014.02.21 12:24:10.868,13.22376,13.22627,0.00,0.00
2014.02.21 12:24:11.198,13.22379,13.22627,0.00,0.00
2014.02.21 12:24:11.314,13.22358,13.22627,0.00,0.00
2014.02.21 12:24:11.528,13.22372,13.22627,0.00,0.00
2014.02.21 12:24:11.961,13.22356,13.22627,0.00,0.00
2014.02.21 12:24:12.177,13.22381,13.22627,0.00,0.00
2014.02.21 12:24:12.287,13.22356,13.22627,0.00,0.00
2014.02.21 12:24:14.270,13.22373,13.22627,0.00,0.00
2014.02.21 12:24:14.458,13.22373,13.22658,0.00,0.00
2014.02.21 12:24:14.509,13.22411,13.22658,0.00,0.00
2014.02.21 12:24:14.560,13.22411,13.22677,0.00,0.00
2014.02.21 12:24:14.874,13.22432,13.22677,0.00,0.00
2014.02.21 12:24:15.259,13.22401,13.22677,0.00,0.00
2014.02.21 12:24:15.411,13.22421,13.22677,0.00,0.00
2014.02.21 12:24:15.700,13.22436,13.22721,0.00,0.00
2014.02.21 12:24:15.810,13.22492,13.22758,0.00,0.00
2014.02.21 12:24:16.168,13.22492,13.22777,0.00,0.00
2014.02.21 12:24:16.270,13.22483,13.22768,0.00,0.00
2014.02.21 12:24:17.563,13.22522,13.22797,0.00,0.00
2014.02.21 12:24:17.756,13.22441,13.22726,0.00,0.00
2014.02.21 12:24:18.473,13.22441,13.22658,0.00,0.00
2014.02.21 12:24:18.523,13.22402,13.22658,0.00,0.00
2014.02.21 12:24:18.624,13.2238,13.22658,0.00,0.00
2014.02.21 12:24:19.199,13.22406,13.22658,0.00,0.00
2014.02.21 12:24:25.764,13.22396,13.22658,0.00,0.00
2014.02.21 12:24:27.394,13.22359,13.22644,0.00,0.00
2014.02.21 12:24:28.683,13.22392,13.22657,0.00,0.00
2014.02.21 12:24:30.323,13.22376,13.22657,0.00,0.00
2014.02.21 12:24:32.913,13.22392,13.22657,0.00,0.00
2014.02.21 12:24:33.207,13.22354,13.22627,0.00,0.00
2014.02.21 12:24:33.258,13.22332,13.22617,0.00,0.00
2014.02.21 12:24:33.462,13.22341,13.22626,0.00,0.00
2014.02.21 12:24:33.793,13.22345,13.22627,0.00,0.00
2014.02.21 12:24:35.004,13.22362,13.22627,0.00,0.00
2014.02.21 12:24:35.161,13.22457,13.22742,0.00,0.00
2014.02.21 12:24:35.263,13.22498,13.22777,0.00,0.00
2014.02.21 12:24:37.292,13.22508,13.22777,0.00,0.00
2014.02.21 12:24:37.342,13.22508,13.22793,0.00,0.00
2014.02.21 12:24:37.403,13.22536,13.22817,0.00,0.00
2014.02.21 12:24:40.075,13.22536,13.22758,0.00,0.00
2014.02.21 12:24:40.126,13.2246,13.22745,0.00,0.00
2014.02.21 12:24:40.232,13.22453,13.2273,0.00,0.00
2014.02.21 12:24:40.333,13.2246,13.22745,0.00,0.00
2014.02.21 12:24:40.441,13.22445,13.2273,0.00,0.00
2014.02.21 12:24:48.251,13.22459,13.22744,0.00,0.00
2014.02.21 12:24:49.111,13.22466,13.22751,0.00,0.00
2014.02.21 12:24:49.441,13.22455,13.2274,0.00,0.00
2014.02.21 12:24:50.124,13.22469,13.22754,0.00,0.00
2014.02.21 12:24:51.547,13.2248,13.22758,0.00,0.00
2014.02.21 12:24:52.944,13.22484,13.22758,0.00,0.00
2014.02.21 12:24:53.697,13.22464,13.22749,0.00,0.00
2014.02.21 12:24:54.828,13.22483,13.22758,0.00,0.00
2014.02.21 12:24:54.909,13.22463,13.22748,0.00,0.00
2014.02.21 12:24:55.195,13.22477,13.22758,0.00,0.00
2014.02.21 12:24:55.937,13.22477,13.22762,0.00,0.00
2014.02.21 12:24:55.987,13.22486,13.22771,0.00,0.00
2014.02.21 12:24:56.398,13.22541,13.22797,0.00,0.00
2014.02.21 12:24:56.448,13.22541,13.22826,0.00,0.00
2014.02.21 12:25:00.609,13.22565,13.22827,0.00,0.00
2014.02.21 12:25:00.712,13.2258,13.22865,0.00,0.00
2014.02.21 12:25:00.785,13.2256,13.22845,0.00,0.00
2014.02.21 12:25:01.326,13.2255,13.22835,0.00,0.00
2014.02.21 12:25:02.429,13.2254,13.22825,0.00,0.00
2014.02.21 12:25:04.899,13.2253,13.22815,0.00,0.00
2014.02.21 12:25:09.450,13.22555,13.2284,0.00,0.00
2014.02.21 12:25:10.210,13.22545,13.2283,0.00,0.00
2014.02.21 12:25:10.965,13.22555,13.2284,0.00,0.00
2014.02.21 12:25:11.274,13.2263,13.22915,0.00,0.00
2014.02.21 12:25:12.081,13.22645,13.2293,0.00,0.00
2014.02.21 12:25:12.686,13.22635,13.2292,0.00,0.00
2014.02.21 12:25:13.703,13.2266,13.22927,0.00,0.00
2014.02.21 12:25:13.804,13.2266,13.22945,0.00,0.00
2014.02.21 12:25:13.854,13.2268,13.22957,0.00,0.00
2014.02.21 12:25:14.218,13.22695,13.22957,0.00,0.00
2014.02.21 12:25:15.122,13.2267,13.22955,0.00,0.00
2014.02.21 12:25:15.471,13.2268,13.22957,0.00,0.00
2014.02.21 12:25:15.947,13.22695,13.22957,0.00,0.00
2014.02.21 12:25:16.502,13.22745,13.22957,0.00,0.00
2014.02.21 12:25:16.553,13.22745,13.23017,0.00,0.00
2014.02.21 12:25:18.118,13.22745,13.2303,0.00,0.00
2014.02.21 12:25:18.672,13.22765,13.2305,0.00,0.00
2014.02.21 12:25:19.185,13.22825,13.2311,0.00,0.00
2014.02.21 12:25:19.836,13.22795,13.2308,0.00,0.00
2014.02.21 12:25:20.200,13.22835,13.2312,0.00,0.00
2014.02.21 12:25:24.650,13.22845,13.2313,0.00,0.00
2014.02.21 12:25:27.958,13.22845,13.23058,0.00,0.00
2014.02.21 12:25:28.009,13.228,13.23037,0.00,0.00
2014.02.21 12:25:28.109,13.22775,13.23037,0.00,0.00
2014.02.21 12:25:28.212,13.22765,13.23037,0.00,0.00
2014.02.21 12:25:29.690,13.22765,13.22958,0.00,0.00
2014.02.21 12:25:29.740,13.22675,13.22958,0.00,0.00
2014.02.21 12:25:29.841,13.22675,13.22937,0.00,0.00
2014.02.21 12:25:29.891,13.22655,13.22937,0.00,0.00
2014.02.21 12:25:30.277,13.22655,13.22907,0.00,0.00
2014.02.21 12:25:30.497,13.22655,13.22927,0.00,0.00
2014.02.21 12:25:30.547,13.2268,13.22927,0.00,0.00
2014.02.21 12:25:31.498,13.22685,13.22927,0.00,0.00
2014.02.21 12:25:31.599,13.22685,13.22967,0.00,0.00
2014.02.21 12:25:31.867,13.2268,13.22965,0.00,0.00
2014.02.21 12:25:31.938,13.22695,13.22967,0.00,0.00
2014.02.21 12:25:32.256,13.22695,13.22947,0.00,0.00
2014.02.21 12:25:34.887,13.2267,13.22947,0.00,0.00
2014.02.21 12:25:37.010,13.2268,13.22947,0.00,0.00
2014.02.21 12:25:38.286,13.22695,13.22947,0.00,0.00
2014.02.21 12:25:38.337,13.22685,13.22947,0.00,0.00
2014.02.21 12:25:38.437,13.2267,13.22947,0.00,0.00
2014.02.21 12:25:39.279,13.2266,13.22945,0.00,0.00
2014.02.21 12:25:40.675,13.2267,13.22947,0.00,0.00
2014.02.21 12:25:40.776,13.2267,13.22955,0.00,0.00
2014.02.21 12:25:40.827,13.22715,13.23,0.00,0.00
2014.02.21 12:25:41.724,13.2274,13.23017,0.00,0.00
2014.02.21 12:25:42.295,13.22769,13.23049,0.00,0.00
2014.02.21 12:25:42.396,13.22792,13.23057,0.00,0.00
2014.02.21 12:25:42.826,13.2279,13.2305,0.00,0.00
2014.02.21 12:25:44.277,13.2278,13.2304,0.00,0.00
2014.02.21 12:25:45.480,13.22765,13.23025,0.00,0.00
2014.02.21 12:25:46.556,13.22765,13.22967,0.00,0.00
2014.02.21 12:25:46.657,13.2266,13.2292,0.00,0.00
2014.02.21 12:25:46.758,13.22645,13.22905,0.00,0.00
2014.02.21 12:25:53.336,13.22635,13.22895,0.00,0.00
2014.02.21 12:25:59.402,13.22625,13.22885,0.00,0.00
2014.02.21 12:26:02.070,13.2264,13.229,0.00,0.00
2014.02.21 12:26:02.727,13.22642,13.229,0.00,0.00
2014.02.21 12:26:02.878,13.22705,13.22965,0.00,0.00
2014.02.21 12:26:02.929,13.2273,13.2299,0.00,0.00
2014.02.21 12:26:08.941,13.22705,13.22965,0.00,0.00
2014.02.21 12:26:09.272,13.22655,13.22915,0.00,0.00
2014.02.21 12:26:20.986,13.22655,13.22887,0.00,0.00
2014.02.21 12:26:21.037,13.2257,13.2283,0.00,0.00
2014.02.21 12:26:21.116,13.22555,13.22815,0.00,0.00
2014.02.21 12:26:22.636,13.22563,13.22815,0.00,0.00
2014.02.21 12:26:22.687,13.22622,13.22882,0.00,0.00
2014.02.21 12:26:22.766,13.22636,13.22896,0.00,0.00
2014.02.21 12:26:23.567,13.22651,13.22911,0.00,0.00
2014.02.21 12:26:23.869,13.22682,13.22952,0.00,0.00
2014.02.21 12:26:24.858,13.2268,13.2294,0.00,0.00
2014.02.21 12:26:25.521,13.2263,13.2289,0.00,0.00
2014.02.21 12:26:27.769,13.22666,13.22926,0.00,0.00
2014.02.21 12:26:28.435,13.22696,13.22956,0.00,0.00
2014.02.21 12:26:45.436,13.22742,13.22956,0.00,0.00
2014.02.21 12:26:45.486,13.228,13.23048,0.00,0.00
2014.02.21 12:26:45.540,13.228,13.2306,0.00,0.00
2014.02.21 12:26:45.591,13.22825,13.23085,0.00,0.00
2014.02.21 12:26:46.148,13.22835,13.23095,0.00,0.00
2014.02.21 12:26:47.600,13.22873,13.23095,0.00,0.00
2014.02.21 12:26:47.660,13.22925,13.23185,0.00,0.00
2014.02.21 12:26:47.880,13.2294,13.232,0.00,0.00
2014.02.21 12:26:51.182,13.22915,13.23175,0.00,0.00
2014.02.21 12:26:51.567,13.2284,13.231,0.00,0.00
2014.02.21 12:26:53.595,13.2283,13.2309,0.00,0.00
2014.02.21 12:26:53.998,13.2282,13.2308,0.00,0.00
2014.02.21 12:26:54.605,13.22805,13.23065,0.00,0.00
2014.02.21 12:26:54.678,13.22774,13.23054,0.00,0.00
2014.02.21 12:26:55.715,13.22774,13.23037,0.00,0.00
2014.02.21 12:26:58.929,13.22774,13.22987,0.00,0.00
2014.02.21 12:26:59.417,13.22788,13.22987,0.00,0.00
2014.02.21 12:26:59.467,13.22788,13.23007,0.00,0.00
2014.02.21 12:27:02.315,13.22788,13.23037,0.00,0.00
2014.02.21 12:27:03.318,13.2275,13.2301,0.00,0.00
2014.02.21 12:27:03.422,13.2275,13.23007,0.00,0.00
2014.02.21 12:27:04.247,13.22764,13.23007,0.00,0.00
2014.02.21 12:27:04.299,13.22768,13.23028,0.00,0.00
2014.02.21 12:27:04.515,13.22755,13.23015,0.00,0.00
2014.02.21 12:27:05.065,13.22755,13.23007,0.00,0.00
2014.02.21 12:27:05.175,13.22755,13.23015,0.00,0.00
2014.02.21 12:27:05.276,13.22784,13.23044,0.00,0.00
2014.02.21 12:27:05.638,13.22833,13.23077,0.00,0.00
2014.02.21 12:27:09.375,13.22833,13.23093,0.00,0.00
2014.02.21 12:27:11.224,13.2285,13.23107,0.00,0.00
2014.02.21 12:27:11.335,13.2285,13.2311,0.00,0.00
2014.02.21 12:27:14.905,13.2286,13.2312,0.00,0.00
2014.02.21 12:27:15.655,13.2289,13.2315,0.00,0.00
2014.02.21 12:27:20.536,13.2289,13.23137,0.00,0.00
2014.02.21 12:27:20.636,13.22835,13.23095,0.00,0.00
2014.02.21 12:27:25.330,13.22845,13.23105,0.00,0.00
2014.02.21 12:27:33.329,13.22835,13.23095,0.00,0.00
2014.02.21 12:27:33.742,13.22845,13.23105,0.00,0.00
2014.02.21 12:27:35.747,13.22835,13.23058,0.00,0.00
2014.02.21 12:27:35.875,13.22765,13.23025,0.00,0.00
2014.02.21 12:27:35.948,13.2275,13.2301,0.00,0.00
2014.02.21 12:27:36.253,13.2281,13.2307,0.00,0.00
2014.02.21 12:27:36.657,13.22835,13.23095,0.00,0.00
2014.02.21 12:27:44.357,13.22865,13.23125,0.00,0.00
2014.02.21 12:27:44.832,13.2289,13.2315,0.00,0.00
2014.02.21 12:27:48.274,13.2284,13.231,0.00,0.00
2014.02.21 12:28:06.230,13.2284,13.23058,0.00,0.00
2014.02.21 12:28:06.345,13.22755,13.23015,0.00,0.00
2014.02.21 12:28:06.431,13.2274,13.23,0.00,0.00
2014.02.21 12:28:11.206,13.22715,13.22975,0.00,0.00
2014.02.21 12:28:11.682,13.2256,13.2282,0.00,0.00
2014.02.21 12:28:11.996,13.2253,13.2279,0.00,0.00
2014.02.21 12:28:14.083,13.2252,13.2278,0.00,0.00
2014.02.21 12:28:15.261,13.2251,13.2277,0.00,0.00
2014.02.21 12:28:15.774,13.2244,13.227,0.00,0.00
2014.02.21 12:28:16.078,13.22473,13.22717,0.00,0.00
2014.02.21 12:28:17.514,13.22459,13.22717,0.00,0.00
2014.02.21 12:28:19.578,13.22435,13.22695,0.00,0.00
2014.02.21 12:28:19.786,13.22425,13.22685,0.00,0.00
2014.02.21 12:28:20.135,13.22395,13.22655,0.00,0.00
2014.02.21 12:28:20.540,13.22346,13.22606,0.00,0.00
2014.02.21 12:28:20.946,13.22335,13.22595,0.00,0.00
2014.02.21 12:28:21.290,13.22325,13.22567,0.00,0.00
2014.02.21 12:28:21.340,13.22306,13.22566,0.00,0.00
2014.02.21 12:28:21.391,13.22306,13.22558,0.00,0.00
2014.02.21 12:28:21.442,13.22261,13.22521,0.00,0.00
2014.02.21 12:28:21.646,13.22252,13.22512,0.00,0.00
2014.02.21 12:28:22.087,13.2228,13.22527,0.00,0.00
2014.02.21 12:28:22.348,13.22239,13.22497,0.00,0.00
2014.02.21 12:28:22.449,13.22224,13.22484,0.00,0.00
2014.02.21 12:28:23.167,13.22212,13.22472,0.00,0.00
2014.02.21 12:28:23.619,13.22185,13.22445,0.00,0.00
2014.02.21 12:28:23.929,13.2225,13.2251,0.00,0.00
2014.02.21 12:28:24.233,13.223,13.22527,0.00,0.00
2014.02.21 12:28:24.283,13.22285,13.22527,0.00,0.00
2014.02.21 12:28:24.384,13.22295,13.22527,0.00,0.00
2014.02.21 12:28:24.434,13.22295,13.22555,0.00,0.00
2014.02.21 12:28:24.485,13.22285,13.22545,0.00,0.00
2014.02.21 12:28:24.816,13.22221,13.22491,0.00,0.00
2014.02.21 12:28:25.361,13.22221,13.22458,0.00,0.00
2014.02.21 12:28:25.411,13.22195,13.22455,0.00,0.00
2014.02.21 12:28:25.959,13.22195,13.22447,0.00,0.00
2014.02.21 12:28:30.113,13.22195,13.22407,0.00,0.00
2014.02.21 12:28:30.164,13.2215,13.22407,0.00,0.00
2014.02.21 12:28:30.265,13.22135,13.22395,0.00,0.00
2014.02.21 12:28:30.993,13.22135,13.22387,0.00,0.00
2014.02.21 12:28:31.810,13.22135,13.22395,0.00,0.00
2014.02.21 12:28:31.860,13.22205,13.22427,0.00,0.00
2014.02.21 12:28:32.268,13.22225,13.22427,0.00,0.00
2014.02.21 12:28:33.353,13.2223,13.22427,0.00,0.00
2014.02.21 12:28:33.454,13.2223,13.22467,0.00,0.00
2014.02.21 12:28:34.553,13.2222,13.22467,0.00,0.00
2014.02.21 12:28:35.064,13.22263,13.2248,0.00,0.00
2014.02.21 12:28:35.115,13.22305,13.22565,0.00,0.00
2014.02.21 12:28:35.204,13.2233,13.2259,0.00,0.00
2014.02.21 12:28:35.313,13.22334,13.22614,0.00,0.00
2014.02.21 12:28:35.467,13.22332,13.22602,0.00,0.00
2014.02.21 12:28:35.568,13.22324,13.22604,0.00,0.00
2014.02.21 12:28:35.668,13.22307,13.22587,0.00,0.00
2014.02.21 12:28:36.524,13.2232,13.226,0.00,0.00
2014.02.21 12:28:39.057,13.22362,13.226,0.00,0.00
2014.02.21 12:28:39.162,13.22443,13.22703,0.00,0.00
2014.02.21 12:28:39.222,13.22467,13.22727,0.00,0.00
2014.02.21 12:28:39.552,13.22477,13.22737,0.00,0.00
2014.02.21 12:28:39.881,13.22445,13.22705,0.00,0.00
2014.02.21 12:28:40.589,13.22478,13.22738,0.00,0.00
2014.02.21 12:28:40.922,13.22529,13.22789,0.00,0.00
2014.02.21 12:28:41.333,13.22555,13.22815,0.00,0.00
2014.02.21 12:28:41.768,13.22541,13.22801,0.00,0.00
2014.02.21 12:28:42.117,13.22557,13.22817,0.00,0.00
2014.02.21 12:28:43.075,13.2253,13.2279,0.00,0.00
2014.02.21 12:28:44.615,13.22541,13.22801,0.00,0.00
2014.02.21 12:28:46.220,13.2253,13.2279,0.00,0.00
2014.02.21 12:28:48.310,13.22542,13.2279,0.00,0.00
2014.02.21 12:28:48.421,13.22628,13.22888,0.00,0.00
2014.02.21 12:28:48.479,13.22646,13.22906,0.00,0.00
2014.02.21 12:28:48.813,13.22656,13.22916,0.00,0.00
2014.02.21 12:28:49.266,13.22641,13.22901,0.00,0.00
2014.02.21 12:28:49.616,13.2263,13.2289,0.00,0.00
2014.02.21 12:28:49.921,13.22641,13.22901,0.00,0.00
2014.02.21 12:28:50.269,13.2262,13.2288,0.00,0.00
2014.02.21 12:28:50.629,13.22615,13.22875,0.00,0.00
2014.02.21 12:28:50.939,13.22623,13.22883,0.00,0.00
2014.02.21 12:28:52.043,13.22633,13.22893,0.00,0.00
2014.02.21 12:28:52.350,13.22648,13.22908,0.00,0.00
2014.02.21 12:28:52.652,13.22625,13.22885,0.00,0.00
2014.02.21 12:28:52.999,13.22631,13.22891,0.00,0.00
2014.02.21 12:28:53.499,13.22627,13.22887,0.00,0.00
2014.02.21 12:28:55.580,13.22605,13.22865,0.00,0.00
2014.02.21 12:28:55.984,13.2259,13.2285,0.00,0.00
2014.02.21 12:28:57.167,13.22619,13.22879,0.00,0.00
2014.02.21 12:28:57.642,13.2259,13.2285,0.00,0.00
2014.02.21 12:28:58.005,13.22618,13.22878,0.00,0.00
2014.02.21 12:28:59.153,13.22603,13.22863,0.00,0.00
2014.02.21 12:29:01.376,13.2258,13.2284,0.00,0.00
2014.02.21 12:29:01.723,13.2259,13.2285,0.00,0.00
2014.02.21 12:29:02.456,13.22614,13.22874,0.00,0.00
2014.02.21 12:29:02.897,13.2259,13.2285,0.00,0.00
2014.02.21 12:29:04.198,13.22599,13.22859,0.00,0.00
2014.02.21 12:29:10.574,13.2259,13.2285,0.00,0.00
2014.02.21 12:29:14.382,13.22612,13.22872,0.00,0.00
2014.02.21 12:29:17.383,13.22597,13.22857,0.00,0.00
2014.02.21 12:29:21.201,13.22539,13.22799,0.00,0.00
2014.02.21 12:29:22.382,13.22557,13.22817,0.00,0.00
2014.02.21 12:29:26.301,13.22539,13.22799,0.00,0.00
2014.02.21 12:29:30.262,13.22561,13.22821,0.00,0.00
2014.02.21 12:29:32.540,13.22547,13.22807,0.00,0.00
2014.02.21 12:29:32.868,13.22562,13.22822,0.00,0.00
2014.02.21 12:29:33.749,13.22539,13.22799,0.00,0.00
2014.02.21 12:29:41.927,13.22558,13.22818,0.00,0.00
2014.02.21 12:29:42.477,13.22548,13.22808,0.00,0.00
2014.02.21 12:29:43.136,13.22537,13.22797,0.00,0.00
2014.02.21 12:29:45.918,13.22549,13.22809,0.00,0.00
2014.02.21 12:29:46.298,13.22537,13.22797,0.00,0.00
2014.02.21 12:29:53.678,13.22562,13.22822,0.00,0.00
2014.02.21 12:29:54.092,13.22637,13.22897,0.00,0.00
2014.02.21 12:29:54.402,13.22682,13.22942,0.00,0.00
2014.02.21 12:29:55.063,13.22692,13.22952,0.00,0.00
2014.02.21 12:29:55.173,13.22679,13.22949,0.00,0.00
2014.02.21 12:29:55.284,13.22672,13.22932,0.00,0.00
2014.02.21 12:29:55.393,13.22679,13.22949,0.00,0.00
2014.02.21 12:30:00.088,13.22672,13.22932,0.00,0.00
2014.02.21 12:30:00.960,13.22632,13.22892,0.00,0.00
2014.02.21 12:30:04.411,13.22642,13.22902,0.00,0.00
2014.02.21 12:30:05.299,13.22647,13.22907,0.00,0.00
2014.02.21 12:30:05.992,13.22657,13.22917,0.00,0.00
2014.02.21 12:30:06.492,13.22833,13.23008,0.00,0.00
2014.02.21 12:30:06.542,13.22833,13.23067,0.00,0.00
2014.02.21 12:30:06.606,13.2292,13.2318,0.00,0.00
2014.02.21 12:30:06.714,13.22935,13.23195,0.00,0.00
2014.02.21 12:30:07.433,13.22985,13.23245,0.00,0.00
2014.02.21 12:30:08.358,13.22969,13.23249,0.00,0.00
2014.02.21 12:30:08.530,13.22985,13.23245,0.00,0.00
2014.02.21 12:30:10.788,13.22935,13.23195,0.00,0.00
2014.02.21 12:30:11.223,13.2295,13.2321,0.00,0.00
2014.02.21 12:30:11.559,13.23015,13.23227,0.00,0.00
2014.02.21 12:30:11.609,13.23015,13.23275,0.00,0.00
2014.02.21 12:30:11.660,13.23,13.2326,0.00,0.00
2014.02.21 12:30:12.202,13.2294,13.232,0.00,0.00
2014.02.21 12:30:12.529,13.2293,13.2319,0.00,0.00
2014.02.21 12:30:13.299,13.2292,13.2318,0.00,0.00
2014.02.21 12:30:14.409,13.2291,13.2317,0.00,0.00
2014.02.21 12:30:15.724,13.22895,13.23155,0.00,0.00
2014.02.21 12:30:16.063,13.2291,13.2317,0.00,0.00
2014.02.21 12:30:16.469,13.2293,13.2319,0.00,0.00
2014.02.21 12:30:16.774,13.22905,13.23165,0.00,0.00
2014.02.21 12:30:16.929,13.22887,13.23157,0.00,0.00
2014.02.21 12:30:17.222,13.22885,13.23145,0.00,0.00
2014.02.21 12:30:20.876,13.22875,13.23135,0.00,0.00
2014.02.21 12:30:21.236,13.2285,13.2311,0.00,0.00
2014.02.21 12:30:21.957,13.2284,13.231,0.00,0.00
2014.02.21 12:30:23.023,13.22853,13.231,0.00,0.00
2014.02.21 12:30:23.073,13.22853,13.2311,0.00,0.00
2014.02.21 12:30:23.149,13.2289,13.2315,0.00,0.00
2014.02.21 12:30:23.257,13.22865,13.23125,0.00,0.00
2014.02.21 12:30:23.482,13.22887,13.23157,0.00,0.00
2014.02.21 12:30:25.032,13.22892,13.23157,0.00,0.00
2014.02.21 12:30:25.377,13.22965,13.23225,0.00,0.00
2014.02.21 12:30:26.033,13.2295,13.2321,0.00,0.00
2014.02.21 12:30:28.292,13.22945,13.23205,0.00,0.00
2014.02.21 12:30:28.610,13.2292,13.2318,0.00,0.00
2014.02.21 12:30:28.936,13.22885,13.23145,0.00,0.00
2014.02.21 12:30:31.092,13.22887,13.23157,0.00,0.00
2014.02.21 12:30:31.148,13.22889,13.23169,0.00,0.00
2014.02.21 12:30:33.448,13.22887,13.23157,0.00,0.00
2014.02.21 12:30:33.665,13.22889,13.23169,0.00,0.00
2014.02.21 12:30:33.874,13.22887,13.23157,0.00,0.00
2014.02.21 12:30:34.864,13.22885,13.23145,0.00,0.00
2014.02.21 12:30:35.767,13.22875,13.23135,0.00,0.00
2014.02.21 12:30:36.674,13.2286,13.2312,0.00,0.00
2014.02.21 12:30:41.351,13.2285,13.2311,0.00,0.00
2014.02.21 12:30:42.732,13.2284,13.231,0.00,0.00
2014.02.21 12:30:57.153,13.2284,13.23058,0.00,0.00
2014.02.21 12:30:57.203,13.22765,13.23025,0.00,0.00
2014.02.21 12:30:57.308,13.22709,13.22989,0.00,0.00
2014.02.21 12:30:57.419,13.2273,13.2299,0.00,0.00
2014.02.21 12:30:57.966,13.22734,13.22994,0.00,0.00
2014.02.21 12:30:58.827,13.2271,13.2297,0.00,0.00
2014.02.21 12:30:59.048,13.22689,13.22969,0.00,0.00
2014.02.21 12:30:59.367,13.22687,13.22957,0.00,0.00
2014.02.21 12:30:59.698,13.22657,13.22917,0.00,0.00
2014.02.21 12:31:00.078,13.22647,13.22907,0.00,0.00
2014.02.21 12:31:00.554,13.22656,13.22916,0.00,0.00
2014.02.21 12:31:00.946,13.2269,13.2295,0.00,0.00
2014.02.21 12:31:01.319,13.22657,13.22917,0.00,0.00
2014.02.21 12:31:01.671,13.22643,13.22903,0.00,0.00
2014.02.21 12:31:02.087,13.2265,13.2291,0.00,0.00
2014.02.21 12:31:02.443,13.22634,13.22894,0.00,0.00
2014.02.21 12:31:04.557,13.2266,13.22907,0.00,0.00
2014.02.21 12:31:05.421,13.2267,13.22907,0.00,0.00
2014.02.21 12:31:05.957,13.22661,13.22907,0.00,0.00
2014.02.21 12:31:06.181,13.22675,13.22907,0.00,0.00
2014.02.21 12:31:06.231,13.22675,13.22935,0.00,0.00
2014.02.21 12:31:06.290,13.2271,13.22967,0.00,0.00
2014.02.21 12:31:06.705,13.22724,13.22967,0.00,0.00
2014.02.21 12:31:06.755,13.22709,13.22989,0.00,0.00
2014.02.21 12:31:06.859,13.22778,13.23027,0.00,0.00
2014.02.21 12:31:07.276,13.22788,13.23027,0.00,0.00
2014.02.21 12:31:07.606,13.22753,13.23013,0.00,0.00
2014.02.21 12:31:08.046,13.22788,13.23027,0.00,0.00
2014.02.21 12:31:08.183,13.22788,13.23047,0.00,0.00
2014.02.21 12:31:08.367,13.22775,13.23035,0.00,0.00
2014.02.21 12:31:09.616,13.22758,13.23018,0.00,0.00
2014.02.21 12:31:09.995,13.22767,13.23027,0.00,0.00
2014.02.21 12:31:11.330,13.22744,13.23004,0.00,0.00
2014.02.21 12:31:11.635,13.22733,13.22993,0.00,0.00
2014.02.21 12:31:11.937,13.22821,13.23081,0.00,0.00
2014.02.21 12:31:12.395,13.22851,13.23111,0.00,0.00
2014.02.21 12:31:13.375,13.2284,13.231,0.00,0.00
2014.02.21 12:31:15.959,13.2284,13.23058,0.00,0.00
2014.02.21 12:31:16.110,13.22775,13.23035,0.00,0.00
2014.02.21 12:31:16.214,13.22745,13.23005,0.00,0.00
2014.02.21 12:31:16.545,13.22735,13.22995,0.00,0.00
2014.02.21 12:31:17.314,13.22763,13.23023,0.00,0.00
2014.02.21 12:31:17.423,13.22769,13.23047,0.00,0.00
2014.02.21 12:31:17.533,13.22782,13.23047,0.00,0.00
2014.02.21 12:31:18.045,13.22769,13.23047,0.00,0.00
2014.02.21 12:31:19.115,13.2275,13.2301,0.00,0.00
2014.02.21 12:31:20.143,13.22765,13.23025,0.00,0.00
2014.02.21 12:31:20.472,13.2277,13.2303,0.00,0.00
2014.02.21 12:31:20.582,13.22781,13.23047,0.00,0.00
2014.02.21 12:31:20.838,13.2275,13.2301,0.00,0.00
2014.02.21 12:31:24.651,13.2274,13.23,0.00,0.00
2014.02.21 12:31:24.952,13.22742,13.2298,0.00,0.00
2014.02.21 12:31:25.052,13.22813,13.23073,0.00,0.00
2014.02.21 12:31:25.121,13.2284,13.231,0.00,0.00
2014.02.21 12:31:46.911,13.2286,13.2312,0.00,0.00
2014.02.21 12:31:47.169,13.22887,13.23157,0.00,0.00
2014.02.21 12:31:48.135,13.22885,13.23145,0.00,0.00
2014.02.21 12:31:50.606,13.22918,13.23178,0.00,0.00
2014.02.21 12:31:51.695,13.22888,13.23148,0.00,0.00
2014.02.21 12:31:53.458,13.22903,13.23163,0.00,0.00
2014.02.21 12:31:57.331,13.2296,13.2322,0.00,0.00
2014.02.21 12:31:57.659,13.22931,13.23191,0.00,0.00
2014.02.21 12:31:58.733,13.22944,13.23204,0.00,0.00
2014.02.21 12:31:59.062,13.22942,13.23187,0.00,0.00
2014.02.21 12:31:59.163,13.22942,13.23202,0.00,0.00
2014.02.21 12:32:00.042,13.22954,13.23214,0.00,0.00
2014.02.21 12:32:00.592,13.22886,13.23146,0.00,0.00
2014.02.21 12:32:08.291,13.22956,13.23177,0.00,0.00
2014.02.21 12:32:08.392,13.22956,13.23216,0.00,0.00
2014.02.21 12:32:08.656,13.22976,13.23236,0.00,0.00
2014.02.21 12:32:09.190,13.22977,13.23237,0.00,0.00
2014.02.21 12:32:09.490,13.22977,13.23247,0.00,0.00
2014.02.21 12:32:09.540,13.22996,13.23256,0.00,0.00
2014.02.21 12:32:10.504,13.23021,13.23281,0.00,0.00
2014.02.21 12:32:11.410,13.23031,13.23291,0.00,0.00
2014.02.21 12:32:12.427,13.23041,13.23301,0.00,0.00
2014.02.21 12:32:12.900,13.23041,13.23297,0.00,0.00
2014.02.21 12:32:12.950,13.22991,13.23251,0.00,0.00
2014.02.21 12:32:13.060,13.22961,13.23221,0.00,0.00
2014.02.21 12:32:13.435,13.22946,13.23206,0.00,0.00
2014.02.21 12:32:15.489,13.22956,13.23216,0.00,0.00
2014.02.21 12:32:15.741,13.22989,13.23269,0.00,0.00
2014.02.21 12:32:19.178,13.22987,13.23257,0.00,0.00
2014.02.21 12:32:20.011,13.2299,13.2326,0.00,0.00
2014.02.21 12:32:23.027,13.22933,13.23186,0.00,0.00
2014.02.21 12:32:23.318,13.22926,13.23186,0.00,0.00
2014.02.21 12:32:23.458,13.22936,13.23196,0.00,0.00
2014.02.21 12:32:23.723,13.22985,13.23265,0.00,0.00
2014.02.21 12:32:24.447,13.22981,13.23241,0.00,0.00
2014.02.21 12:32:34.923,13.22966,13.23226,0.00,0.00
2014.02.21 12:32:35.480,13.22926,13.23186,0.00,0.00
2014.02.21 12:32:36.085,13.22917,13.23177,0.00,0.00
2014.02.21 12:32:36.591,13.22881,13.23141,0.00,0.00
2014.02.21 12:32:39.670,13.22831,13.23091,0.00,0.00
2014.02.21 12:32:41.516,13.22841,13.23101,0.00,0.00
2014.02.21 12:32:42.324,13.22851,13.23111,0.00,0.00
2014.02.21 12:32:44.596,13.22876,13.23136,0.00,0.00
2014.02.21 12:32:45.854,13.22881,13.23141,0.00,0.00
2014.02.21 12:32:46.721,13.22891,13.23151,0.00,0.00
2014.02.21 12:32:47.328,13.22921,13.23181,0.00,0.00
2014.02.21 12:32:48.221,13.23016,13.23276,0.00,0.00
2014.02.21 12:33:00.358,13.23006,13.23266,0.00,0.00
2014.02.21 12:33:00.688,13.22981,13.23241,0.00,0.00
2014.02.21 12:33:03.704,13.22971,13.23231,0.00,0.00
2014.02.21 12:33:04.289,13.22921,13.23181,0.00,0.00
2014.02.21 12:33:05.154,13.22959,13.23187,0.00,0.00
2014.02.21 12:33:05.204,13.22959,13.23219,0.00,0.00
2014.02.21 12:33:06.056,13.22945,13.23205,0.00,0.00
2014.02.21 12:33:07.046,13.22932,13.23192,0.00,0.00
2014.02.21 12:33:23.467,13.22919,13.23179,0.00,0.00
2014.02.21 12:33:23.862,13.22899,13.23159,0.00,0.00
2014.02.21 12:33:24.198,13.22834,13.23094,0.00,0.00
2014.02.21 12:33:24.728,13.22846,13.23106,0.00,0.00
2014.02.21 12:33:25.586,13.22862,13.23122,0.00,0.00
2014.02.21 12:33:25.918,13.22843,13.23103,0.00,0.00
2014.02.21 12:33:26.700,13.22834,13.23094,0.00,0.00
2014.02.21 12:33:29.820,13.22819,13.23079,0.00,0.00
2014.02.21 12:33:30.130,13.22714,13.22974,0.00,0.00
2014.02.21 12:33:30.471,13.22689,13.22949,0.00,0.00
2014.02.21 12:33:30.812,13.22679,13.22939,0.00,0.00
2014.02.21 12:33:31.361,13.22689,13.22949,0.00,0.00
2014.02.21 12:33:31.697,13.22714,13.22984,0.00,0.00
2014.02.21 12:33:32.367,13.22714,13.22977,0.00,0.00
2014.02.21 12:33:32.710,13.226,13.2286,0.00,0.00
2014.02.21 12:33:33.225,13.2263,13.2289,0.00,0.00
2014.02.21 12:33:33.581,13.22615,13.22875,0.00,0.00
2014.02.21 12:33:34.829,13.22599,13.22859,0.00,0.00
2014.02.21 12:33:35.394,13.22613,13.22873,0.00,0.00
2014.02.21 12:33:36.512,13.22641,13.22901,0.00,0.00
2014.02.21 12:33:37.605,13.22627,13.22887,0.00,0.00
2014.02.21 12:33:45.166,13.22627,13.22858,0.00,0.00
2014.02.21 12:33:45.216,13.22593,13.22853,0.00,0.00
2014.02.21 12:33:47.339,13.22617,13.22858,0.00,0.00
2014.02.21 12:33:47.439,13.22638,13.22898,0.00,0.00
2014.02.21 12:33:47.546,13.22653,13.22913,0.00,0.00
2014.02.21 12:33:48.046,13.22643,13.22903,0.00,0.00
2014.02.21 12:33:49.297,13.22742,13.22927,0.00,0.00
2014.02.21 12:33:49.398,13.22743,13.23002,0.00,0.00
2014.02.21 12:33:49.549,13.22788,13.23048,0.00,0.00
2014.02.21 12:33:53.151,13.22723,13.22968,0.00,0.00
2014.02.21 12:33:53.201,13.22708,13.22968,0.00,0.00
2014.02.21 12:33:53.252,13.22698,13.22958,0.00,0.00
2014.02.21 12:33:53.603,13.22683,13.22943,0.00,0.00
2014.02.21 12:33:53.704,13.22675,13.22945,0.00,0.00
2014.02.21 12:33:55.175,13.22706,13.22976,0.00,0.00
2014.02.21 12:33:56.593,13.22691,13.22961,0.00,0.00
2014.02.21 12:33:58.675,13.22675,13.22945,0.00,0.00
2014.02.21 12:33:58.773,13.22659,13.22949,0.00,0.00
2014.02.21 12:33:58.915,13.2265,13.2295,0.00,0.00
2014.02.21 12:33:58.966,13.2265,13.22917,0.00,0.00
2014.02.21 12:33:59.284,13.22617,13.22877,0.00,0.00
2014.02.21 12:34:00.326,13.2263,13.2289,0.00,0.00
2014.02.21 12:34:00.932,13.22614,13.22874,0.00,0.00
2014.02.21 12:34:03.213,13.22645,13.22905,0.00,0.00
2014.02.21 12:34:04.870,13.22617,13.22877,0.00,0.00
2014.02.21 12:34:05.227,13.22641,13.22897,0.00,0.00
2014.02.21 12:34:06.132,13.22625,13.22885,0.00,0.00
2014.02.21 12:34:07.114,13.22609,13.22869,0.00,0.00
2014.02.21 12:34:08.421,13.22624,13.22884,0.00,0.00
2014.02.21 12:34:10.250,13.22608,13.22868,0.00,0.00
2014.02.21 12:34:10.690,13.22624,13.22884,0.00,0.00
2014.02.21 12:34:11.168,13.22608,13.22868,0.00,0.00
2014.02.21 12:34:13.612,13.22623,13.22883,0.00,0.00
2014.02.21 12:34:15.569,13.22684,13.22944,0.00,0.00
2014.02.21 12:34:19.799,13.22734,13.22947,0.00,0.00
2014.02.21 12:34:19.849,13.22734,13.22994,0.00,0.00
2014.02.21 12:34:19.950,13.22749,13.23009,0.00,0.00
2014.02.21 12:34:20.328,13.22738,13.22998,0.00,0.00
2014.02.21 12:34:21.013,13.22733,13.22993,0.00,0.00
2014.02.21 12:34:21.365,13.2273,13.2299,0.00,0.00
2014.02.21 12:34:28.726,13.2274,13.23,0.00,0.00
2014.02.21 12:34:30.053,13.22728,13.22988,0.00,0.00
2014.02.21 12:34:30.356,13.22698,13.22958,0.00,0.00
2014.02.21 12:34:30.407,13.22674,13.22944,0.00,0.00
2014.02.21 12:34:30.637,13.22683,13.22953,0.00,0.00
2014.02.21 12:34:30.696,13.22666,13.22946,0.00,0.00
2014.02.21 12:34:31.135,13.22698,13.22967,0.00,0.00
2014.02.21 12:34:31.373,13.22666,13.22946,0.00,0.00
2014.02.21 12:34:35.584,13.22703,13.22963,0.00,0.00
2014.02.21 12:34:38.891,13.22703,13.22858,0.00,0.00
2014.02.21 12:34:38.942,13.22603,13.22846,0.00,0.00
2014.02.21 12:34:39.061,13.22586,13.22846,0.00,0.00
2014.02.21 12:34:39.413,13.22575,13.22835,0.00,0.00
2014.02.21 12:34:40.333,13.2259,13.2285,0.00,0.00
2014.02.21 12:34:40.668,13.22573,13.22833,0.00,0.00
2014.02.21 12:34:41.152,13.22584,13.22837,0.00,0.00
2014.02.21 12:34:42.523,13.22593,13.22837,0.00,0.00
2014.02.21 12:34:42.574,13.22593,13.22853,0.00,0.00
2014.02.21 12:34:42.943,13.2258,13.2284,0.00,0.00
2014.02.21 12:34:46.741,13.22598,13.22857,0.00,0.00
2014.02.21 12:34:47.062,13.22645,13.22857,0.00,0.00
2014.02.21 12:34:47.113,13.22643,13.22903,0.00,0.00
2014.02.21 12:34:47.183,13.22623,13.22883,0.00,0.00
2014.02.21 12:34:48.030,13.22648,13.22908,0.00,0.00
2014.02.21 12:34:48.351,13.22625,13.22885,0.00,0.00
2014.02.21 12:34:49.255,13.22613,13.22873,0.00,0.00
2014.02.21 12:34:49.602,13.22598,13.22858,0.00,0.00
2014.02.21 12:34:50.064,13.22583,13.22843,0.00,0.00
