2016.09.13 10:00:00.212,13.28778,13.29052,0.00,0.00
2016.09.13 10:00:00.262,13.2877,13.29022,0.00,0.00
2016.09.13 10:00:00.313,13.28729,13.2901,0.00,0.00
2016.09.13 10:00:00.364,13.2872,13.28971,0.00,0.00
2016.09.13 10:00:00.414,13.28678,13.28971,0.00,0.00
2016.09.13 10:00:00.465,13.28678,13.28922,0.00,0.00
2016.09.13 10:00:01.173,13.28678,13.28921,0.00,0.00
2016.09.13 10:00:01.284,13.28678,13.28952,0.00,0.00
2016.09.13 10:00:01.760,13.28678,13.28942,0.00,0.00
2016.09.13 10:00:02.088,13.28728,13.28952,0.00,0.00
2016.09.13 10:00:02.337,13.28728,13.28972,0.00,0.00
2016.09.13 10:00:02.388,13.28779,13.29021,0.00,0.00
2016.09.13 10:00:02.862,13.28779,13.29031,0.00,0.00
2016.09.13 10:00:02.962,13.28779,13.29052,0.00,0.00
2016.09.13 10:00:04.370,13.28779,13.29032,0.00,0.00
2016.09.13 10:00:04.803,13.28779,13.29052,0.00,0.00
2016.09.13 10:00:05.221,13.28779,13.29031,0.00,0.00
2016.09.13 10:00:06.389,13.28779,13.29051,0.00,0.00
2016.09.13 10:00:06.606,13.28769,13.29011,0.00,0.00
2016.09.13 10:00:06.657,13.28729,13.2901,0.00,0.00
2016.09.13 10:00:06.708,13.28729,13.28992,0.00,0.00
2016.09.13 10:00:06.758,13.28729,13.2899,0.00,0.00
2016.09.13 10:00:06.809,13.28679,13.28932,0.00,0.00
2016.09.13 10:00:07.672,13.28679,13.28942,0.00,0.00
2016.09.13 10:00:08.183,13.28679,13.28932,0.00,0.00
2016.09.13 10:00:08.284,13.28679,13.28942,0.00,0.00
2016.09.13 10:00:08.391,13.28628,13.2891,0.00,0.00
2016.09.13 10:00:08.493,13.28628,13.28861,0.00,0.00
2016.09.13 10:00:08.594,13.28579,13.28831,0.00,0.00
2016.09.13 10:00:09.056,13.28579,13.28861,0.00,0.00
2016.09.13 10:00:09.106,13.28579,13.28832,0.00,0.00
2016.09.13 10:00:09.213,13.28579,13.28852,0.00,0.00
2016.09.13 10:00:10.318,13.28579,13.28862,0.00,0.00
2016.09.13 10:00:10.817,13.28579,13.28822,0.00,0.00
2016.09.13 10:00:11.035,13.28579,13.28831,0.00,0.00
2016.09.13 10:00:11.209,13.28579,13.28842,0.00,0.00
2016.09.13 10:00:12.520,13.28579,13.28862,0.00,0.00
2016.09.13 10:00:12.791,13.28628,13.28872,0.00,0.00
2016.09.13 10:00:12.893,13.28578,13.28872,0.00,0.00
2016.09.13 10:00:13.089,13.28578,13.28841,0.00,0.00
2016.09.13 10:00:13.190,13.28578,13.28871,0.00,0.00
2016.09.13 10:00:13.324,13.28578,13.28852,0.00,0.00
2016.09.13 10:00:13.689,13.28578,13.28872,0.00,0.00
2016.09.13 10:00:13.890,13.28578,13.28842,0.00,0.00
2016.09.13 10:00:14.090,13.28578,13.28871,0.00,0.00
2016.09.13 10:00:15.103,13.28559,13.28811,0.00,0.00
2016.09.13 10:00:15.358,13.28478,13.28741,0.00,0.00
2016.09.13 10:00:15.929,13.28478,13.28771,0.00,0.00
2016.09.13 10:00:17.133,13.28478,13.28742,0.00,0.00
2016.09.13 10:00:17.522,13.28478,13.28752,0.00,0.00
2016.09.13 10:00:18.137,13.28478,13.28742,0.00,0.00
2016.09.13 10:00:18.367,13.28478,13.28771,0.00,0.00
2016.09.13 10:00:18.418,13.28478,13.28751,0.00,0.00
2016.09.13 10:00:18.791,13.28478,13.28742,0.00,0.00
2016.09.13 10:00:19.203,13.28478,13.28772,0.00,0.00
2016.09.13 10:00:19.504,13.28478,13.28741,0.00,0.00
2016.09.13 10:00:19.640,13.28478,13.28772,0.00,0.00
2016.09.13 10:00:20.241,13.28478,13.28752,0.00,0.00
2016.09.13 10:00:20.442,13.28478,13.28772,0.00,0.00
2016.09.13 10:00:21.518,13.28478,13.28762,0.00,0.00
2016.09.13 10:00:22.109,13.28478,13.28772,0.00,0.00
2016.09.13 10:00:22.748,13.28478,13.28741,0.00,0.00
2016.09.13 10:00:23.237,13.28478,13.28762,0.00,0.00
2016.09.13 10:00:23.449,13.28478,13.28742,0.00,0.00
2016.09.13 10:00:23.514,13.28478,13.28772,0.00,0.00
2016.09.13 10:00:23.915,13.28478,13.28742,0.00,0.00
2016.09.13 10:00:24.216,13.28478,13.28772,0.00,0.00
2016.09.13 10:00:24.745,13.28478,13.28741,0.00,0.00
2016.09.13 10:00:24.918,13.28478,13.28761,0.00,0.00
2016.09.13 10:00:25.718,13.28529,13.28761,0.00,0.00
2016.09.13 10:00:25.768,13.28529,13.28772,0.00,0.00
2016.09.13 10:00:25.955,13.28528,13.28791,0.00,0.00
2016.09.13 10:00:26.256,13.28528,13.28762,0.00,0.00
2016.09.13 10:00:26.321,13.28528,13.28791,0.00,0.00
2016.09.13 10:00:26.618,13.28579,13.28791,0.00,0.00
2016.09.13 10:00:26.669,13.28579,13.28851,0.00,0.00
2016.09.13 10:00:26.871,13.28579,13.28822,0.00,0.00
2016.09.13 10:00:27.458,13.28579,13.28842,0.00,0.00
2016.09.13 10:00:27.561,13.28579,13.28862,0.00,0.00
2016.09.13 10:00:28.261,13.28579,13.28832,0.00,0.00
2016.09.13 10:00:28.627,13.28579,13.28842,0.00,0.00
2016.09.13 10:00:28.763,13.28579,13.28822,0.00,0.00
2016.09.13 10:00:28.976,13.28579,13.28841,0.00,0.00
2016.09.13 10:00:29.965,13.28579,13.28822,0.00,0.00
2016.09.13 10:00:30.031,13.28579,13.28851,0.00,0.00
2016.09.13 10:00:30.166,13.28579,13.28822,0.00,0.00
2016.09.13 10:00:30.231,13.28579,13.28851,0.00,0.00
2016.09.13 10:00:30.467,13.28579,13.28862,0.00,0.00
2016.09.13 10:00:31.234,13.28579,13.28851,0.00,0.00
2016.09.13 10:00:31.614,13.28579,13.28862,0.00,0.00
2016.09.13 10:00:31.665,13.28579,13.28851,0.00,0.00
2016.09.13 10:00:32.020,13.28579,13.28832,0.00,0.00
2016.09.13 10:00:32.412,13.28579,13.28842,0.00,0.00
2016.09.13 10:00:32.462,13.28579,13.28832,0.00,0.00
2016.09.13 10:00:33.229,13.28579,13.28841,0.00,0.00
2016.09.13 10:00:34.365,13.28579,13.28862,0.00,0.00
2016.09.13 10:00:34.642,13.28579,13.28831,0.00,0.00
2016.09.13 10:00:35.149,13.28569,13.28851,0.00,0.00
2016.09.13 10:00:35.225,13.28529,13.28811,0.00,0.00
2016.09.13 10:00:35.276,13.28529,13.28791,0.00,0.00
2016.09.13 10:00:35.326,13.28488,13.28791,0.00,0.00
2016.09.13 10:00:35.377,13.28478,13.28782,0.00,0.00
2016.09.13 10:00:35.444,13.28478,13.28752,0.00,0.00
2016.09.13 10:00:35.923,13.28528,13.28752,0.00,0.00
2016.09.13 10:00:36.074,13.28578,13.28861,0.00,0.00
2016.09.13 10:00:36.498,13.28578,13.28872,0.00,0.00
2016.09.13 10:00:36.848,13.28578,13.28862,0.00,0.00
2016.09.13 10:00:38.158,13.28578,13.28831,0.00,0.00
2016.09.13 10:00:38.260,13.28578,13.28872,0.00,0.00
2016.09.13 10:00:41.105,13.28578,13.28851,0.00,0.00
2016.09.13 10:00:41.363,13.28578,13.28862,0.00,0.00
2016.09.13 10:00:41.596,13.28578,13.28851,0.00,0.00
2016.09.13 10:00:41.697,13.28578,13.28872,0.00,0.00
2016.09.13 10:00:42.097,13.28578,13.28852,0.00,0.00
2016.09.13 10:00:42.781,13.28578,13.28841,0.00,0.00
2016.09.13 10:00:42.883,13.28578,13.28871,0.00,0.00
2016.09.13 10:00:43.498,13.28578,13.28842,0.00,0.00
2016.09.13 10:00:43.701,13.28578,13.28872,0.00,0.00
2016.09.13 10:00:43.863,13.28578,13.28841,0.00,0.00
2016.09.13 10:00:44.252,13.28578,13.28831,0.00,0.00
2016.09.13 10:00:44.364,13.28578,13.28841,0.00,0.00
2016.09.13 10:00:44.487,13.28578,13.28831,0.00,0.00
2016.09.13 10:00:45.205,13.28578,13.28852,0.00,0.00
2016.09.13 10:00:45.674,13.28578,13.28842,0.00,0.00
2016.09.13 10:00:46.208,13.28578,13.28852,0.00,0.00
2016.09.13 10:00:46.482,13.28578,13.28841,0.00,0.00
2016.09.13 10:00:47.170,13.28578,13.28851,0.00,0.00
2016.09.13 10:00:47.671,13.28578,13.28821,0.00,0.00
2016.09.13 10:00:49.075,13.28578,13.28842,0.00,0.00
2016.09.13 10:00:50.109,13.2857,13.28842,0.00,0.00
2016.09.13 10:00:50.210,13.28548,13.28841,0.00,0.00
2016.09.13 10:00:50.319,13.28528,13.28782,0.00,0.00
2016.09.13 10:00:50.488,13.28528,13.28811,0.00,0.00
2016.09.13 10:00:50.719,13.28528,13.28801,0.00,0.00
2016.09.13 10:00:51.518,13.28528,13.28781,0.00,0.00
2016.09.13 10:00:51.679,13.28528,13.28811,0.00,0.00
2016.09.13 10:00:52.682,13.28528,13.28782,0.00,0.00
2016.09.13 10:00:54.137,13.28578,13.28782,0.00,0.00
2016.09.13 10:00:54.188,13.28578,13.28832,0.00,0.00
2016.09.13 10:00:54.238,13.28569,13.28832,0.00,0.00
2016.09.13 10:00:54.289,13.28538,13.28841,0.00,0.00
2016.09.13 10:00:54.433,13.28529,13.28822,0.00,0.00
2016.09.13 10:00:54.599,13.28529,13.28801,0.00,0.00
2016.09.13 10:00:55.084,13.28569,13.28802,0.00,0.00
2016.09.13 10:00:55.236,13.28529,13.28812,0.00,0.00
2016.09.13 10:00:55.436,13.28529,13.28822,0.00,0.00
2016.09.13 10:00:55.489,13.28529,13.28782,0.00,0.00
2016.09.13 10:00:55.737,13.28529,13.28802,0.00,0.00
2016.09.13 10:00:55.838,13.28529,13.28791,0.00,0.00
2016.09.13 10:00:57.131,13.28578,13.28822,0.00,0.00
2016.09.13 10:00:57.232,13.28578,13.28861,0.00,0.00
2016.09.13 10:00:57.493,13.28578,13.28841,0.00,0.00
2016.09.13 10:00:57.606,13.28578,13.28861,0.00,0.00
2016.09.13 10:00:57.738,13.28578,13.28842,0.00,0.00
2016.09.13 10:00:58.494,13.28578,13.28861,0.00,0.00
2016.09.13 10:00:59.195,13.28578,13.28841,0.00,0.00
2016.09.13 10:00:59.923,13.28578,13.28862,0.00,0.00
2016.09.13 10:01:00.116,13.28578,13.28841,0.00,0.00
2016.09.13 10:01:00.700,13.28578,13.28831,0.00,0.00
2016.09.13 10:01:01.199,13.28578,13.28861,0.00,0.00
2016.09.13 10:01:01.300,13.28578,13.28842,0.00,0.00
2016.09.13 10:01:01.500,13.28578,13.28862,0.00,0.00
2016.09.13 10:01:01.678,13.28578,13.28841,0.00,0.00
2016.09.13 10:01:01.800,13.28578,13.28861,0.00,0.00
2016.09.13 10:01:02.001,13.28578,13.28842,0.00,0.00
2016.09.13 10:01:03.303,13.28578,13.28871,0.00,0.00
2016.09.13 10:01:03.404,13.28578,13.28852,0.00,0.00
2016.09.13 10:01:03.578,13.28578,13.28872,0.00,0.00
2016.09.13 10:01:03.747,13.28578,13.28841,0.00,0.00
2016.09.13 10:01:04.438,13.28578,13.28851,0.00,0.00
2016.09.13 10:01:04.539,13.28578,13.28841,0.00,0.00
2016.09.13 10:01:04.611,13.28578,13.28811,0.00,0.00
2016.09.13 10:01:04.662,13.28539,13.28811,0.00,0.00
2016.09.13 10:01:04.712,13.28528,13.28791,0.00,0.00
2016.09.13 10:01:05.016,13.28578,13.28841,0.00,0.00
2016.09.13 10:01:05.290,13.28528,13.28811,0.00,0.00
2016.09.13 10:01:05.358,13.28579,13.2884,0.00,0.00
2016.09.13 10:01:05.514,13.28579,13.28871,0.00,0.00
2016.09.13 10:01:06.617,13.28579,13.28852,0.00,0.00
2016.09.13 10:01:07.027,13.28579,13.28832,0.00,0.00
2016.09.13 10:01:07.078,13.28579,13.28872,0.00,0.00
2016.09.13 10:01:07.361,13.2867,13.28891,0.00,0.00
2016.09.13 10:01:07.411,13.2867,13.2894,0.00,0.00
2016.09.13 10:01:07.462,13.28678,13.28921,0.00,0.00
2016.09.13 10:01:07.513,13.28678,13.28921,0.00,0.00
2016.09.13 10:01:07.563,13.28628,13.28921,0.00,0.00
2016.09.13 10:01:07.614,13.28628,13.28891,0.00,0.00
2016.09.13 10:01:07.863,13.28679,13.28941,0.00,0.00
2016.09.13 10:01:08.113,13.28679,13.28941,0.00,0.00
2016.09.13 10:01:08.163,13.28679,13.28981,0.00,0.00
2016.09.13 10:01:08.265,13.28679,13.28981,0.00,0.00
2016.09.13 10:01:08.315,13.28679,13.28962,0.00,0.00
2016.09.13 10:01:08.416,13.28679,13.28942,0.00,0.00
2016.09.13 10:01:08.775,13.28669,13.28942,0.00,0.00
2016.09.13 10:01:08.877,13.28678,13.28932,0.00,0.00
2016.09.13 10:01:09.015,13.28678,13.2894,0.00,0.00
2016.09.13 10:01:09.066,13.28678,13.28941,0.00,0.00
2016.09.13 10:01:09.116,13.28678,13.28961,0.00,0.00
2016.09.13 10:01:09.516,13.28678,13.28971,0.00,0.00
2016.09.13 10:01:09.617,13.28678,13.28941,0.00,0.00
2016.09.13 10:01:11.119,13.28678,13.28972,0.00,0.00
2016.09.13 10:01:11.220,13.28678,13.28952,0.00,0.00
2016.09.13 10:01:12.650,13.28678,13.28932,0.00,0.00
2016.09.13 10:01:12.955,13.28678,13.28921,0.00,0.00
2016.09.13 10:01:13.237,13.28678,13.28942,0.00,0.00
2016.09.13 10:01:15.428,13.28678,13.28961,0.00,0.00
2016.09.13 10:01:15.531,13.28678,13.28971,0.00,0.00
2016.09.13 10:01:15.628,13.28678,13.28951,0.00,0.00
2016.09.13 10:01:15.929,13.28678,13.28942,0.00,0.00
2016.09.13 10:01:16.317,13.28678,13.28932,0.00,0.00
2016.09.13 10:01:16.367,13.28678,13.28942,0.00,0.00
2016.09.13 10:01:16.823,13.28678,13.28971,0.00,0.00
2016.09.13 10:01:19.835,13.28678,13.28952,0.00,0.00
2016.09.13 10:01:20.437,13.28678,13.28942,0.00,0.00
2016.09.13 10:01:21.539,13.28678,13.28952,0.00,0.00
2016.09.13 10:01:21.739,13.28678,13.28932,0.00,0.00
2016.09.13 10:01:21.864,13.28678,13.28952,0.00,0.00
2016.09.13 10:01:21.940,13.28678,13.28962,0.00,0.00
2016.09.13 10:01:22.441,13.28678,13.28931,0.00,0.00
2016.09.13 10:01:23.543,13.28678,13.28971,0.00,0.00
2016.09.13 10:01:24.352,13.28678,13.28941,0.00,0.00
2016.09.13 10:01:24.545,13.28678,13.28952,0.00,0.00
2016.09.13 10:01:25.447,13.28678,13.28972,0.00,0.00
2016.09.13 10:01:25.916,13.28678,13.28942,0.00,0.00
2016.09.13 10:01:27.223,13.28678,13.2891,0.00,0.00
2016.09.13 10:01:27.273,13.28678,13.28862,0.00,0.00
2016.09.13 10:01:27.375,13.28629,13.28891,0.00,0.00
2016.09.13 10:01:27.476,13.28629,13.28862,0.00,0.00
2016.09.13 10:01:27.550,13.28629,13.28881,0.00,0.00
2016.09.13 10:01:27.651,13.28629,13.28891,0.00,0.00
2016.09.13 10:01:27.752,13.28629,13.28922,0.00,0.00
2016.09.13 10:01:27.904,13.28629,13.28891,0.00,0.00
2016.09.13 10:01:28.051,13.28629,13.28912,0.00,0.00
2016.09.13 10:01:29.453,13.28629,13.28921,0.00,0.00
2016.09.13 10:01:29.872,13.28619,13.28882,0.00,0.00
2016.09.13 10:01:29.923,13.28578,13.28882,0.00,0.00
2016.09.13 10:01:29.973,13.28578,13.28861,0.00,0.00
2016.09.13 10:01:30.300,13.28578,13.28872,0.00,0.00
2016.09.13 10:01:30.351,13.28629,13.28872,0.00,0.00
2016.09.13 10:01:30.402,13.28629,13.28891,0.00,0.00
2016.09.13 10:01:30.456,13.28629,13.28911,0.00,0.00
2016.09.13 10:01:30.613,13.28629,13.28911,0.00,0.00
2016.09.13 10:01:31.157,13.28629,13.28902,0.00,0.00
2016.09.13 10:01:32.553,13.28619,13.28902,0.00,0.00
2016.09.13 10:01:32.604,13.28598,13.2889,0.00,0.00
2016.09.13 10:01:32.804,13.28578,13.28862,0.00,0.00
2016.09.13 10:01:33.160,13.28578,13.28872,0.00,0.00
2016.09.13 10:01:33.261,13.28588,13.28891,0.00,0.00
2016.09.13 10:01:33.362,13.28628,13.28891,0.00,0.00
2016.09.13 10:01:33.413,13.28628,13.28892,0.00,0.00
2016.09.13 10:01:33.463,13.28628,13.28902,0.00,0.00
2016.09.13 10:01:33.593,13.28629,13.2891,0.00,0.00
2016.09.13 10:01:33.864,13.28628,13.28901,0.00,0.00
2016.09.13 10:01:33.965,13.28628,13.28911,0.00,0.00
2016.09.13 10:01:34.063,13.28628,13.28911,0.00,0.00
2016.09.13 10:01:35.334,13.28628,13.2891,0.00,0.00
2016.09.13 10:01:35.766,13.28628,13.2891,0.00,0.00
2016.09.13 10:01:36.282,13.28628,13.28911,0.00,0.00
2016.09.13 10:01:36.383,13.28628,13.28902,0.00,0.00
2016.09.13 10:01:36.612,13.28628,13.28911,0.00,0.00
2016.09.13 10:01:37.759,13.28619,13.28911,0.00,0.00
2016.09.13 10:01:37.810,13.28618,13.2889,0.00,0.00
2016.09.13 10:01:37.911,13.28628,13.28891,0.00,0.00
2016.09.13 10:01:37.971,13.28579,13.28862,0.00,0.00
2016.09.13 10:01:38.310,13.28628,13.28862,0.00,0.00
2016.09.13 10:01:38.411,13.28628,13.28892,0.00,0.00
2016.09.13 10:01:38.555,13.28628,13.28901,0.00,0.00
2016.09.13 10:01:38.606,13.28628,13.28911,0.00,0.00
2016.09.13 10:01:38.874,13.28628,13.28911,0.00,0.00
2016.09.13 10:01:40.412,13.28628,13.28882,0.00,0.00
2016.09.13 10:01:40.910,13.28619,13.28882,0.00,0.00
2016.09.13 10:01:40.961,13.28578,13.28882,0.00,0.00
2016.09.13 10:01:41.011,13.28578,13.28872,0.00,0.00
2016.09.13 10:01:41.250,13.28579,13.28851,0.00,0.00
2016.09.13 10:01:41.479,13.28579,13.28882,0.00,0.00
2016.09.13 10:01:41.580,13.28579,13.28842,0.00,0.00
2016.09.13 10:01:43.296,13.28628,13.28871,0.00,0.00
2016.09.13 10:01:43.397,13.28628,13.28902,0.00,0.00
2016.09.13 10:01:43.784,13.28628,13.28911,0.00,0.00
2016.09.13 10:01:43.884,13.28628,13.28881,0.00,0.00
2016.09.13 10:01:43.987,13.28619,13.28872,0.00,0.00
2016.09.13 10:01:44.037,13.28578,13.28872,0.00,0.00
2016.09.13 10:01:44.088,13.28578,13.28841,0.00,0.00
2016.09.13 10:01:44.397,13.28628,13.2891,0.00,0.00
2016.09.13 10:01:44.701,13.28679,13.28892,0.00,0.00
2016.09.13 10:01:44.802,13.28629,13.28922,0.00,0.00
2016.09.13 10:01:44.986,13.28629,13.28882,0.00,0.00
2016.09.13 10:01:45.087,13.28629,13.28921,0.00,0.00
2016.09.13 10:01:45.566,13.2862,13.28921,0.00,0.00
2016.09.13 10:01:45.667,13.28619,13.2889,0.00,0.00
2016.09.13 10:01:45.718,13.28578,13.28872,0.00,0.00
2016.09.13 10:01:45.819,13.28578,13.28842,0.00,0.00
2016.09.13 10:01:45.920,13.28578,13.28861,0.00,0.00
2016.09.13 10:01:45.989,13.28578,13.28842,0.00,0.00
2016.09.13 10:01:46.490,13.28578,13.28882,0.00,0.00
2016.09.13 10:01:47.815,13.28629,13.28882,0.00,0.00
2016.09.13 10:01:47.916,13.28629,13.28902,0.00,0.00
2016.09.13 10:01:48.100,13.28629,13.28891,0.00,0.00
2016.09.13 10:01:48.201,13.28629,13.28901,0.00,0.00
2016.09.13 10:01:48.323,13.28629,13.28911,0.00,0.00
2016.09.13 10:01:48.822,13.28629,13.28902,0.00,0.00
2016.09.13 10:01:49.419,13.2862,13.28872,0.00,0.00
2016.09.13 10:01:49.585,13.28579,13.28852,0.00,0.00
2016.09.13 10:01:49.971,13.28629,13.28852,0.00,0.00
2016.09.13 10:01:50.122,13.28629,13.28891,0.00,0.00
2016.09.13 10:01:50.198,13.28629,13.2891,0.00,0.00
2016.09.13 10:01:50.538,13.28629,13.2886,0.00,0.00
2016.09.13 10:01:50.588,13.28619,13.2886,0.00,0.00
2016.09.13 10:01:50.639,13.28588,13.2889,0.00,0.00
2016.09.13 10:01:50.700,13.28599,13.2889,0.00,0.00
2016.09.13 10:01:50.804,13.28579,13.28852,0.00,0.00
2016.09.13 10:01:51.646,13.28579,13.28872,0.00,0.00
2016.09.13 10:01:52.025,13.28579,13.28852,0.00,0.00
2016.09.13 10:01:52.652,13.28579,13.28881,0.00,0.00
2016.09.13 10:01:52.803,13.28579,13.28861,0.00,0.00
2016.09.13 10:01:53.189,13.28579,13.28851,0.00,0.00
2016.09.13 10:01:54.709,13.28579,13.28882,0.00,0.00
2016.09.13 10:01:54.845,13.28579,13.28862,0.00,0.00
2016.09.13 10:01:55.742,13.28579,13.28881,0.00,0.00
2016.09.13 10:01:55.912,13.28579,13.28882,0.00,0.00
2016.09.13 10:01:56.363,13.28579,13.28871,0.00,0.00
2016.09.13 10:01:56.413,13.28589,13.28891,0.00,0.00
2016.09.13 10:01:56.542,13.28579,13.28871,0.00,0.00
2016.09.13 10:01:59.119,13.28579,13.28862,0.00,0.00
2016.09.13 10:02:00.222,13.28579,13.28841,0.00,0.00
2016.09.13 10:02:00.725,13.28579,13.28852,0.00,0.00
2016.09.13 10:02:00.826,13.28579,13.28872,0.00,0.00
2016.09.13 10:02:01.430,13.28579,13.28862,0.00,0.00
2016.09.13 10:02:03.830,13.28579,13.28871,0.00,0.00
2016.09.13 10:02:09.071,13.28579,13.28862,0.00,0.00
2016.09.13 10:02:09.455,13.28579,13.28881,0.00,0.00
2016.09.13 10:02:11.561,13.28579,13.28842,0.00,0.00
2016.09.13 10:02:14.149,13.28579,13.28861,0.00,0.00
2016.09.13 10:02:14.268,13.28579,13.28841,0.00,0.00
2016.09.13 10:02:14.369,13.28579,13.28861,0.00,0.00
2016.09.13 10:02:14.470,13.28579,13.28842,0.00,0.00
2016.09.13 10:02:14.571,13.28579,13.28871,0.00,0.00
2016.09.13 10:02:16.087,13.28579,13.28861,0.00,0.00
2016.09.13 10:02:17.176,13.28579,13.28852,0.00,0.00
2016.09.13 10:02:17.277,13.28579,13.28882,0.00,0.00
2016.09.13 10:02:18.157,13.28579,13.28861,0.00,0.00
2016.09.13 10:02:19.103,13.28629,13.2889,0.00,0.00
2016.09.13 10:02:19.154,13.28669,13.28892,0.00,0.00
2016.09.13 10:02:19.204,13.28679,13.28951,0.00,0.00
2016.09.13 10:02:19.255,13.28679,13.28911,0.00,0.00
2016.09.13 10:02:19.483,13.28628,13.28901,0.00,0.00
2016.09.13 10:02:19.585,13.28628,13.28911,0.00,0.00
2016.09.13 10:02:19.759,13.28628,13.28902,0.00,0.00
2016.09.13 10:02:20.479,13.28669,13.28921,0.00,0.00
2016.09.13 10:02:20.580,13.28679,13.28952,0.00,0.00
2016.09.13 10:02:20.686,13.28679,13.28921,0.00,0.00
2016.09.13 10:02:20.737,13.28659,13.28921,0.00,0.00
2016.09.13 10:02:20.787,13.28659,13.28871,0.00,0.00
2016.09.13 10:02:20.838,13.28578,13.28871,0.00,0.00
2016.09.13 10:02:20.889,13.28588,13.28892,0.00,0.00
2016.09.13 10:02:20.990,13.28578,13.28871,0.00,0.00
2016.09.13 10:02:21.062,13.28609,13.28911,0.00,0.00
2016.09.13 10:02:21.280,13.28609,13.28901,0.00,0.00
2016.09.13 10:02:21.331,13.28561,13.28852,0.00,0.00
2016.09.13 10:02:21.384,13.28578,13.28882,0.00,0.00
2016.09.13 10:02:21.740,13.28569,13.28871,0.00,0.00
2016.09.13 10:02:22.665,13.28578,13.28882,0.00,0.00
2016.09.13 10:02:25.903,13.28568,13.28872,0.00,0.00
2016.09.13 10:02:26.004,13.28549,13.28832,0.00,0.00
2016.09.13 10:02:26.071,13.28549,13.28852,0.00,0.00
2016.09.13 10:02:26.171,13.28579,13.28881,0.00,0.00
2016.09.13 10:02:26.371,13.28558,13.28862,0.00,0.00
2016.09.13 10:02:27.473,13.28579,13.28881,0.00,0.00
2016.09.13 10:02:29.076,13.28558,13.28862,0.00,0.00
2016.09.13 10:02:29.313,13.2855,13.28852,0.00,0.00
2016.09.13 10:02:30.315,13.28559,13.28861,0.00,0.00
2016.09.13 10:02:33.717,13.28588,13.28851,0.00,0.00
2016.09.13 10:02:33.818,13.28549,13.28831,0.00,0.00
2016.09.13 10:02:33.884,13.28549,13.28851,0.00,0.00
2016.09.13 10:02:34.185,13.28588,13.28892,0.00,0.00
2016.09.13 10:02:35.687,13.28568,13.28872,0.00,0.00
2016.09.13 10:02:36.090,13.28589,13.28891,0.00,0.00
2016.09.13 10:02:36.191,13.28648,13.28951,0.00,0.00
2016.09.13 10:02:36.534,13.28608,13.28912,0.00,0.00
2016.09.13 10:02:38.639,13.28649,13.28951,0.00,0.00
2016.09.13 10:02:39.291,13.28649,13.2895,0.00,0.00
2016.09.13 10:02:39.892,13.28649,13.28951,0.00,0.00
2016.09.13 10:02:40.345,13.28619,13.28921,0.00,0.00
2016.09.13 10:02:40.545,13.28648,13.2895,0.00,0.00
2016.09.13 10:02:41.197,13.28648,13.28951,0.00,0.00
2016.09.13 10:02:41.347,13.28609,13.28911,0.00,0.00
2016.09.13 10:02:42.546,13.28589,13.28891,0.00,0.00
2016.09.13 10:02:42.801,13.286,13.28891,0.00,0.00
2016.09.13 10:02:42.852,13.28618,13.28922,0.00,0.00
2016.09.13 10:02:43.191,13.28638,13.28942,0.00,0.00
2016.09.13 10:02:44.950,13.28608,13.28912,0.00,0.00
2016.09.13 10:02:45.308,13.28629,13.28931,0.00,0.00
2016.09.13 10:02:48.431,13.28619,13.28912,0.00,0.00
2016.09.13 10:02:48.512,13.28638,13.28942,0.00,0.00
2016.09.13 10:02:50.021,13.2862,13.28912,0.00,0.00
2016.09.13 10:02:50.072,13.28609,13.28912,0.00,0.00
2016.09.13 10:02:51.506,13.2861,13.28912,0.00,0.00
2016.09.13 10:02:52.695,13.28629,13.28931,0.00,0.00
2016.09.13 10:02:52.827,13.28649,13.2895,0.00,0.00
2016.09.13 10:02:52.927,13.28629,13.28931,0.00,0.00
2016.09.13 10:02:53.156,13.2861,13.28912,0.00,0.00
2016.09.13 10:02:54.731,13.28628,13.28932,0.00,0.00
2016.09.13 10:02:55.834,13.28648,13.28951,0.00,0.00
2016.09.13 10:02:56.057,13.28608,13.28912,0.00,0.00
2016.09.13 10:02:56.134,13.28628,13.28932,0.00,0.00
2016.09.13 10:02:58.442,13.28609,13.28911,0.00,0.00
2016.09.13 10:02:58.593,13.28598,13.28902,0.00,0.00
2016.09.13 10:02:59.251,13.28608,13.28912,0.00,0.00
2016.09.13 10:02:59.582,13.28618,13.28922,0.00,0.00
2016.09.13 10:03:00.572,13.28638,13.28942,0.00,0.00
2016.09.13 10:03:01.354,13.28608,13.28912,0.00,0.00
2016.09.13 10:03:01.704,13.28638,13.28942,0.00,0.00
2016.09.13 10:03:02.442,13.28638,13.28931,0.00,0.00
2016.09.13 10:03:02.493,13.28638,13.2891,0.00,0.00
2016.09.13 10:03:02.663,13.28579,13.28882,0.00,0.00
2016.09.13 10:03:02.756,13.28618,13.28922,0.00,0.00
2016.09.13 10:03:03.357,13.28629,13.28931,0.00,0.00
2016.09.13 10:03:03.558,13.28608,13.28912,0.00,0.00
2016.09.13 10:03:03.659,13.28588,13.28892,0.00,0.00
2016.09.13 10:03:04.935,13.28578,13.28882,0.00,0.00
2016.09.13 10:03:09.067,13.2857,13.28862,0.00,0.00
2016.09.13 10:03:09.118,13.28558,13.28862,0.00,0.00
2016.09.13 10:03:09.169,13.2855,13.28841,0.00,0.00
2016.09.13 10:03:09.568,13.28558,13.28862,0.00,0.00
2016.09.13 10:03:11.659,13.28558,13.28851,0.00,0.00
2016.09.13 10:03:11.710,13.28538,13.2883,0.00,0.00
2016.09.13 10:03:11.895,13.28538,13.28842,0.00,0.00
2016.09.13 10:03:12.000,13.28559,13.2885,0.00,0.00
2016.09.13 10:03:12.101,13.28539,13.28841,0.00,0.00
2016.09.13 10:03:12.171,13.28558,13.2885,0.00,0.00
2016.09.13 10:03:12.381,13.28539,13.28841,0.00,0.00
2016.09.13 10:03:12.471,13.28558,13.2885,0.00,0.00
2016.09.13 10:03:12.572,13.28519,13.28821,0.00,0.00
2016.09.13 10:03:12.991,13.28539,13.28841,0.00,0.00
2016.09.13 10:03:13.072,13.28558,13.2885,0.00,0.00
2016.09.13 10:03:13.489,13.28558,13.28851,0.00,0.00
2016.09.13 10:03:16.278,13.28528,13.28832,0.00,0.00
2016.09.13 10:03:16.379,13.28568,13.28851,0.00,0.00
2016.09.13 10:03:16.589,13.28568,13.2885,0.00,0.00
2016.09.13 10:03:17.480,13.28538,13.28842,0.00,0.00
2016.09.13 10:03:17.638,13.28568,13.28851,0.00,0.00
2016.09.13 10:03:17.881,13.28548,13.28851,0.00,0.00
2016.09.13 10:03:17.992,13.28569,13.28851,0.00,0.00
2016.09.13 10:03:18.043,13.28569,13.28851,0.00,0.00
2016.09.13 10:03:18.094,13.28588,13.28892,0.00,0.00
2016.09.13 10:03:18.482,13.28578,13.28882,0.00,0.00
2016.09.13 10:03:18.983,13.28579,13.28881,0.00,0.00
2016.09.13 10:03:19.985,13.28568,13.28872,0.00,0.00
2016.09.13 10:03:20.909,13.28579,13.28881,0.00,0.00
2016.09.13 10:03:21.789,13.28558,13.28862,0.00,0.00
2016.09.13 10:03:21.839,13.28558,13.28851,0.00,0.00
2016.09.13 10:03:21.989,13.28519,13.28821,0.00,0.00
2016.09.13 10:03:22.110,13.2852,13.28821,0.00,0.00
2016.09.13 10:03:22.229,13.28519,13.28821,0.00,0.00
2016.09.13 10:03:22.310,13.28519,13.28821,0.00,0.00
2016.09.13 10:03:22.769,13.28519,13.28801,0.00,0.00
2016.09.13 10:03:22.819,13.28469,13.28771,0.00,0.00
2016.09.13 10:03:22.920,13.28449,13.28752,0.00,0.00
2016.09.13 10:03:22.991,13.28468,13.28772,0.00,0.00
2016.09.13 10:03:23.291,13.28489,13.28791,0.00,0.00
2016.09.13 10:03:23.392,13.28468,13.28772,0.00,0.00
2016.09.13 10:03:23.792,13.28488,13.28792,0.00,0.00
2016.09.13 10:03:25.094,13.28469,13.28771,0.00,0.00
2016.09.13 10:03:25.195,13.28449,13.28752,0.00,0.00
2016.09.13 10:03:25.519,13.28468,13.28772,0.00,0.00
2016.09.13 10:03:25.853,13.2849,13.28791,0.00,0.00
2016.09.13 10:03:25.903,13.28498,13.28802,0.00,0.00
2016.09.13 10:03:26.133,13.28549,13.28851,0.00,0.00
2016.09.13 10:03:26.319,13.28549,13.2885,0.00,0.00
2016.09.13 10:03:26.419,13.28549,13.28851,0.00,0.00
2016.09.13 10:03:27.097,13.28538,13.28842,0.00,0.00
2016.09.13 10:03:29.801,13.28548,13.2885,0.00,0.00
2016.09.13 10:03:29.851,13.28548,13.28851,0.00,0.00
2016.09.13 10:03:30.556,13.28548,13.2885,0.00,0.00
2016.09.13 10:03:30.607,13.28518,13.28822,0.00,0.00
2016.09.13 10:03:35.909,13.28549,13.2885,0.00,0.00
2016.09.13 10:03:35.960,13.28549,13.28851,0.00,0.00
2016.09.13 10:03:36.311,13.28519,13.28821,0.00,0.00
2016.09.13 10:03:36.611,13.28508,13.28812,0.00,0.00
2016.09.13 10:03:37.419,13.28519,13.28821,0.00,0.00
2016.09.13 10:03:37.470,13.28539,13.28821,0.00,0.00
2016.09.13 10:03:37.621,13.28568,13.28872,0.00,0.00
2016.09.13 10:03:38.014,13.28529,13.28831,0.00,0.00
2016.09.13 10:03:38.714,13.28539,13.28841,0.00,0.00
2016.09.13 10:03:41.448,13.28529,13.28831,0.00,0.00
2016.09.13 10:03:41.549,13.2852,13.28811,0.00,0.00
2016.09.13 10:03:41.718,13.2852,13.28822,0.00,0.00
2016.09.13 10:03:41.954,13.28539,13.28841,0.00,0.00
2016.09.13 10:03:42.119,13.28519,13.28822,0.00,0.00
2016.09.13 10:03:42.823,13.2852,13.28822,0.00,0.00
2016.09.13 10:03:42.874,13.28518,13.28822,0.00,0.00
2016.09.13 10:03:42.925,13.28538,13.28842,0.00,0.00
2016.09.13 10:03:43.227,13.28518,13.28822,0.00,0.00
2016.09.13 10:03:43.890,13.28498,13.28802,0.00,0.00
2016.09.13 10:03:44.422,13.28509,13.28811,0.00,0.00
2016.09.13 10:03:45.424,13.28499,13.28801,0.00,0.00
2016.09.13 10:03:45.877,13.28508,13.28812,0.00,0.00
2016.09.13 10:03:45.927,13.28498,13.28802,0.00,0.00
2016.09.13 10:03:46.482,13.28518,13.28822,0.00,0.00
2016.09.13 10:03:47.170,13.28518,13.2882,0.00,0.00
2016.09.13 10:03:47.278,13.28528,13.28832,0.00,0.00
2016.09.13 10:03:47.582,13.28558,13.28862,0.00,0.00
2016.09.13 10:03:47.950,13.28548,13.28852,0.00,0.00
2016.09.13 10:03:48.052,13.28519,13.28822,0.00,0.00
2016.09.13 10:03:48.592,13.28539,13.28841,0.00,0.00
2016.09.13 10:03:49.934,13.28558,13.28862,0.00,0.00
2016.09.13 10:03:51.511,13.28558,13.2885,0.00,0.00
2016.09.13 10:03:51.636,13.2852,13.28812,0.00,0.00
2016.09.13 10:03:52.043,13.28519,13.28821,0.00,0.00
2016.09.13 10:03:52.137,13.28538,13.28842,0.00,0.00
2016.09.13 10:03:52.956,13.28519,13.28822,0.00,0.00
2016.09.13 10:03:53.038,13.28519,13.28812,0.00,0.00
2016.09.13 10:03:53.849,13.2852,13.28812,0.00,0.00
2016.09.13 10:03:55.302,13.28519,13.28812,0.00,0.00
2016.09.13 10:03:55.940,13.28508,13.28812,0.00,0.00
2016.09.13 10:03:56.549,13.28498,13.28802,0.00,0.00
2016.09.13 10:03:57.357,13.28528,13.28832,0.00,0.00
2016.09.13 10:03:57.848,13.28518,13.28822,0.00,0.00
2016.09.13 10:03:58.672,13.28528,13.28832,0.00,0.00
2016.09.13 10:03:59.294,13.28498,13.28802,0.00,0.00
2016.09.13 10:04:00.417,13.28538,13.28842,0.00,0.00
2016.09.13 10:04:01.451,13.28519,13.28821,0.00,0.00
2016.09.13 10:04:02.596,13.28498,13.28802,0.00,0.00
2016.09.13 10:04:02.926,13.28539,13.28802,0.00,0.00
2016.09.13 10:04:02.977,13.28539,13.28831,0.00,0.00
2016.09.13 10:04:03.027,13.28529,13.28831,0.00,0.00
2016.09.13 10:04:07.279,13.28518,13.28822,0.00,0.00
2016.09.13 10:04:07.360,13.28498,13.28802,0.00,0.00
2016.09.13 10:04:10.281,13.28518,13.28822,0.00,0.00
2016.09.13 10:04:10.638,13.28499,13.28801,0.00,0.00
2016.09.13 10:04:10.895,13.2847,13.28752,0.00,0.00
2016.09.13 10:04:10.946,13.28461,13.28751,0.00,0.00
2016.09.13 10:04:10.996,13.28459,13.28751,0.00,0.00
2016.09.13 10:04:11.047,13.28469,13.28752,0.00,0.00
2016.09.13 10:04:11.310,13.28529,13.28831,0.00,0.00
2016.09.13 10:04:11.683,13.28508,13.28812,0.00,0.00
2016.09.13 10:04:13.195,13.28529,13.28831,0.00,0.00
2016.09.13 10:04:15.318,13.28539,13.28841,0.00,0.00
2016.09.13 10:04:17.485,13.28499,13.28801,0.00,0.00
2016.09.13 10:04:18.110,13.28519,13.28821,0.00,0.00
2016.09.13 10:04:18.211,13.28538,13.28842,0.00,0.00
2016.09.13 10:04:18.739,13.28499,13.28801,0.00,0.00
2016.09.13 10:04:19.165,13.28549,13.28801,0.00,0.00
2016.09.13 10:04:19.215,13.28549,13.28841,0.00,0.00
2016.09.13 10:04:19.316,13.28568,13.28872,0.00,0.00
2016.09.13 10:04:19.418,13.28549,13.28842,0.00,0.00
2016.09.13 10:04:19.519,13.28568,13.28872,0.00,0.00
2016.09.13 10:04:19.711,13.28549,13.28851,0.00,0.00
2016.09.13 10:04:19.948,13.28549,13.28842,0.00,0.00
2016.09.13 10:04:20.686,13.28549,13.28852,0.00,0.00
2016.09.13 10:04:22.972,13.2855,13.28852,0.00,0.00
2016.09.13 10:04:23.829,13.28549,13.28852,0.00,0.00
2016.09.13 10:04:25.901,13.28568,13.28872,0.00,0.00
2016.09.13 10:04:26.037,13.2855,13.28842,0.00,0.00
2016.09.13 10:04:26.181,13.2855,13.28811,0.00,0.00
2016.09.13 10:04:26.231,13.28509,13.28811,0.00,0.00
2016.09.13 10:04:26.303,13.28518,13.28822,0.00,0.00
2016.09.13 10:04:26.502,13.28508,13.28812,0.00,0.00
2016.09.13 10:04:27.305,13.28518,13.28822,0.00,0.00
2016.09.13 10:04:27.608,13.28509,13.28811,0.00,0.00
2016.09.13 10:04:28.528,13.28539,13.28811,0.00,0.00
2016.09.13 10:04:28.629,13.28538,13.28842,0.00,0.00
2016.09.13 10:04:29.211,13.28518,13.28822,0.00,0.00
2016.09.13 10:04:29.564,13.28508,13.28812,0.00,0.00
2016.09.13 10:04:30.217,13.28518,13.28822,0.00,0.00
2016.09.13 10:04:34.023,13.28498,13.28802,0.00,0.00
2016.09.13 10:04:34.633,13.28538,13.28842,0.00,0.00
2016.09.13 10:04:35.563,13.28498,13.28802,0.00,0.00
2016.09.13 10:04:35.963,13.28488,13.28792,0.00,0.00
2016.09.13 10:04:36.296,13.28508,13.28812,0.00,0.00
2016.09.13 10:04:36.613,13.28488,13.28792,0.00,0.00
2016.09.13 10:04:36.730,13.28519,13.288,0.00,0.00
2016.09.13 10:04:36.831,13.2847,13.28752,0.00,0.00
2016.09.13 10:04:36.942,13.28469,13.28771,0.00,0.00
2016.09.13 10:04:37.043,13.28498,13.28802,0.00,0.00
2016.09.13 10:04:37.167,13.28469,13.28772,0.00,0.00
2016.09.13 10:04:38.036,13.28498,13.28802,0.00,0.00
2016.09.13 10:04:38.623,13.28519,13.28821,0.00,0.00
2016.09.13 10:04:39.079,13.28509,13.28811,0.00,0.00
2016.09.13 10:04:39.627,13.28549,13.28811,0.00,0.00
2016.09.13 10:04:39.728,13.28569,13.28811,0.00,0.00
2016.09.13 10:04:39.778,13.28569,13.28822,0.00,0.00
2016.09.13 10:04:39.829,13.28598,13.28901,0.00,0.00
2016.09.13 10:04:39.880,13.28598,13.28902,0.00,0.00
2016.09.13 10:04:40.029,13.28569,13.28871,0.00,0.00
2016.09.13 10:04:40.230,13.28598,13.28902,0.00,0.00
2016.09.13 10:04:40.679,13.28588,13.28892,0.00,0.00
2016.09.13 10:04:40.748,13.28569,13.28871,0.00,0.00
2016.09.13 10:04:41.231,13.28589,13.28891,0.00,0.00
2016.09.13 10:04:45.939,13.28598,13.28902,0.00,0.00
2016.09.13 10:04:46.340,13.28588,13.28892,0.00,0.00
2016.09.13 10:04:46.641,13.28569,13.28841,0.00,0.00
2016.09.13 10:04:46.741,13.28569,13.28862,0.00,0.00
2016.09.13 10:04:47.844,13.28578,13.28882,0.00,0.00
2016.09.13 10:04:47.945,13.28569,13.28861,0.00,0.00
2016.09.13 10:04:49.264,13.2857,13.28861,0.00,0.00
2016.09.13 10:04:49.422,13.28578,13.28882,0.00,0.00
2016.09.13 10:04:49.573,13.28569,13.28861,0.00,0.00
2016.09.13 10:04:49.849,13.28588,13.28892,0.00,0.00
2016.09.13 10:04:49.949,13.28608,13.28912,0.00,0.00
2016.09.13 10:04:50.407,13.28588,13.28892,0.00,0.00
2016.09.13 10:04:50.780,13.28608,13.28912,0.00,0.00
2016.09.13 10:04:51.953,13.28589,13.28891,0.00,0.00
2016.09.13 10:04:53.056,13.28579,13.28881,0.00,0.00
2016.09.13 10:04:55.381,13.28589,13.28891,0.00,0.00
2016.09.13 10:04:55.463,13.28598,13.28902,0.00,0.00
2016.09.13 10:04:55.892,13.28589,13.28891,0.00,0.00
2016.09.13 10:04:56.082,13.28569,13.28872,0.00,0.00
2016.09.13 10:04:56.501,13.28569,13.28862,0.00,0.00
2016.09.13 10:04:59.007,13.2857,13.28862,0.00,0.00
2016.09.13 10:05:01.182,13.28588,13.28892,0.00,0.00
2016.09.13 10:05:01.283,13.28569,13.28861,0.00,0.00
2016.09.13 10:05:01.487,13.28578,13.28882,0.00,0.00
2016.09.13 10:05:02.034,13.28578,13.2885,0.00,0.00
2016.09.13 10:05:02.240,13.28509,13.28811,0.00,0.00
2016.09.13 10:05:03.142,13.2855,13.28811,0.00,0.00
2016.09.13 10:05:03.200,13.2855,13.28842,0.00,0.00
2016.09.13 10:05:03.324,13.28559,13.28861,0.00,0.00
2016.09.13 10:05:03.691,13.28548,13.28852,0.00,0.00
2016.09.13 10:05:03.791,13.28569,13.28871,0.00,0.00
2016.09.13 10:05:04.147,13.28548,13.28851,0.00,0.00
2016.09.13 10:05:04.199,13.2852,13.28812,0.00,0.00
2016.09.13 10:05:04.392,13.28528,13.28832,0.00,0.00
2016.09.13 10:05:04.633,13.2852,13.28811,0.00,0.00
2016.09.13 10:05:05.794,13.28529,13.28831,0.00,0.00
2016.09.13 10:05:06.737,13.28539,13.28841,0.00,0.00
2016.09.13 10:05:07.010,13.28528,13.28832,0.00,0.00
2016.09.13 10:05:07.111,13.28558,13.2885,0.00,0.00
2016.09.13 10:05:07.197,13.28538,13.28842,0.00,0.00
2016.09.13 10:05:07.498,13.28529,13.28831,0.00,0.00
2016.09.13 10:05:07.598,13.2852,13.28811,0.00,0.00
2016.09.13 10:05:08.347,13.28509,13.28811,0.00,0.00
2016.09.13 10:05:08.401,13.28538,13.28842,0.00,0.00
2016.09.13 10:05:08.503,13.28498,13.28802,0.00,0.00
2016.09.13 10:05:08.836,13.28528,13.28832,0.00,0.00
2016.09.13 10:05:10.733,13.28509,13.28811,0.00,0.00
2016.09.13 10:05:11.284,13.28539,13.28841,0.00,0.00
2016.09.13 10:05:12.336,13.28509,13.28811,0.00,0.00
2016.09.13 10:05:12.663,13.28519,13.28821,0.00,0.00
2016.09.13 10:05:19.024,13.28498,13.28802,0.00,0.00
2016.09.13 10:05:19.425,13.28509,13.28811,0.00,0.00
2016.09.13 10:05:23.031,13.28498,13.28802,0.00,0.00
2016.09.13 10:05:23.633,13.28509,13.28811,0.00,0.00
2016.09.13 10:05:26.080,13.28529,13.28831,0.00,0.00
2016.09.13 10:05:26.181,13.28498,13.28802,0.00,0.00
2016.09.13 10:05:26.654,13.28509,13.28811,0.00,0.00
2016.09.13 10:05:26.756,13.28498,13.28802,0.00,0.00
2016.09.13 10:05:27.241,13.28509,13.28811,0.00,0.00
2016.09.13 10:05:35.012,13.28478,13.28782,0.00,0.00
2016.09.13 10:05:36.560,13.28498,13.28802,0.00,0.00
2016.09.13 10:05:38.305,13.28508,13.28812,0.00,0.00
2016.09.13 10:05:38.757,13.28518,13.28822,0.00,0.00
2016.09.13 10:05:40.565,13.28509,13.28811,0.00,0.00
2016.09.13 10:05:44.112,13.28518,13.28822,0.00,0.00
2016.09.13 10:05:44.445,13.28528,13.28832,0.00,0.00
2016.09.13 10:05:47.422,13.28498,13.28802,0.00,0.00
2016.09.13 10:05:47.903,13.28528,13.28832,0.00,0.00
2016.09.13 10:05:48.879,13.28518,13.28822,0.00,0.00
2016.09.13 10:05:49.221,13.28528,13.28832,0.00,0.00
2016.09.13 10:05:49.552,13.28499,13.28801,0.00,0.00
2016.09.13 10:05:49.681,13.28528,13.28832,0.00,0.00
2016.09.13 10:05:49.792,13.28499,13.28801,0.00,0.00
2016.09.13 10:05:49.941,13.28499,13.28801,0.00,0.00
2016.09.13 10:05:49.992,13.28529,13.28801,0.00,0.00
2016.09.13 10:05:50.093,13.28439,13.28741,0.00,0.00
2016.09.13 10:05:50.194,13.28418,13.28722,0.00,0.00
2016.09.13 10:05:51.997,13.28449,13.28751,0.00,0.00
2016.09.13 10:05:52.130,13.28408,13.28652,0.00,0.00
2016.09.13 10:05:52.231,13.28369,13.28671,0.00,0.00
2016.09.13 10:05:52.462,13.28358,13.2865,0.00,0.00
2016.09.13 10:05:52.613,13.28349,13.28632,0.00,0.00
2016.09.13 10:05:52.664,13.28349,13.28632,0.00,0.00
2016.09.13 10:05:52.714,13.28389,13.28651,0.00,0.00
2016.09.13 10:05:52.815,13.28358,13.2865,0.00,0.00
2016.09.13 10:05:52.917,13.28328,13.28632,0.00,0.00
2016.09.13 10:05:53.099,13.28338,13.28642,0.00,0.00
2016.09.13 10:05:53.301,13.28358,13.28651,0.00,0.00
2016.09.13 10:05:53.638,13.28408,13.28651,0.00,0.00
2016.09.13 10:05:53.688,13.28408,13.28702,0.00,0.00
2016.09.13 10:05:53.739,13.28378,13.28682,0.00,0.00
2016.09.13 10:05:53.893,13.2837,13.28651,0.00,0.00
2016.09.13 10:05:53.950,13.28369,13.28651,0.00,0.00
2016.09.13 10:05:54.001,13.28429,13.28731,0.00,0.00
2016.09.13 10:05:54.723,13.28419,13.28721,0.00,0.00
2016.09.13 10:05:54.824,13.28428,13.28732,0.00,0.00
2016.09.13 10:05:54.925,13.28408,13.28712,0.00,0.00
2016.09.13 10:05:55.254,13.28419,13.28721,0.00,0.00
2016.09.13 10:05:55.304,13.28428,13.28732,0.00,0.00
2016.09.13 10:05:55.995,13.28418,13.28722,0.00,0.00
2016.09.13 10:05:56.388,13.28428,13.28732,0.00,0.00
2016.09.13 10:05:56.438,13.28369,13.28652,0.00,0.00
2016.09.13 10:05:56.609,13.2837,13.28652,0.00,0.00
2016.09.13 10:05:56.659,13.28369,13.28651,0.00,0.00
2016.09.13 10:05:57.097,13.28378,13.28682,0.00,0.00
2016.09.13 10:05:57.317,13.28369,13.28672,0.00,0.00
2016.09.13 10:05:57.382,13.28368,13.28651,0.00,0.00
2016.09.13 10:05:57.433,13.28318,13.28622,0.00,0.00
2016.09.13 10:05:58.009,13.28328,13.28632,0.00,0.00
2016.09.13 10:05:58.111,13.28348,13.28651,0.00,0.00
2016.09.13 10:05:58.212,13.28318,13.28622,0.00,0.00
2016.09.13 10:05:59.112,13.28349,13.28651,0.00,0.00
2016.09.13 10:05:59.363,13.28349,13.2865,0.00,0.00
2016.09.13 10:05:59.585,13.28328,13.28632,0.00,0.00
2016.09.13 10:06:00.064,13.28338,13.28642,0.00,0.00
2016.09.13 10:06:00.514,13.28319,13.28621,0.00,0.00
2016.09.13 10:06:00.906,13.28339,13.28641,0.00,0.00
2016.09.13 10:06:02.319,13.28319,13.28621,0.00,0.00
2016.09.13 10:06:02.841,13.28339,13.28641,0.00,0.00
2016.09.13 10:06:03.310,13.28359,13.28651,0.00,0.00
2016.09.13 10:06:03.422,13.28339,13.28641,0.00,0.00
2016.09.13 10:06:03.523,13.28359,13.2865,0.00,0.00
2016.09.13 10:06:03.611,13.28328,13.28632,0.00,0.00
2016.09.13 10:06:04.111,13.28318,13.28622,0.00,0.00
2016.09.13 10:06:04.492,13.28338,13.28642,0.00,0.00
2016.09.13 10:06:04.813,13.28359,13.28651,0.00,0.00
2016.09.13 10:06:05.127,13.28318,13.28622,0.00,0.00
2016.09.13 10:06:05.477,13.28309,13.28611,0.00,0.00
2016.09.13 10:06:05.528,13.28338,13.28642,0.00,0.00
2016.09.13 10:06:05.617,13.28298,13.28602,0.00,0.00
2016.09.13 10:06:06.142,13.28318,13.28622,0.00,0.00
2016.09.13 10:06:06.329,13.28349,13.2865,0.00,0.00
2016.09.13 10:06:06.654,13.28329,13.28631,0.00,0.00
2016.09.13 10:06:07.120,13.28348,13.2865,0.00,0.00
2016.09.13 10:06:07.221,13.28318,13.28622,0.00,0.00
2016.09.13 10:06:07.521,13.28348,13.28651,0.00,0.00
2016.09.13 10:06:07.902,13.28318,13.28622,0.00,0.00
2016.09.13 10:06:08.022,13.28348,13.2865,0.00,0.00
2016.09.13 10:06:09.084,13.28348,13.28651,0.00,0.00
2016.09.13 10:06:09.297,13.28319,13.28621,0.00,0.00
2016.09.13 10:06:09.700,13.28339,13.28641,0.00,0.00
2016.09.13 10:06:10.231,13.28338,13.28642,0.00,0.00
2016.09.13 10:06:10.389,13.28338,13.28625,0.00,0.00
2016.09.13 10:06:10.491,13.28348,13.2865,0.00,0.00
2016.09.13 10:06:10.541,13.28309,13.28616,0.00,0.00
2016.09.13 10:06:10.731,13.28318,13.28627,0.00,0.00
2016.09.13 10:06:11.301,13.28349,13.28651,0.00,0.00
2016.09.13 10:06:12.670,13.28319,13.28626,0.00,0.00
2016.09.13 10:06:12.771,13.28338,13.28642,0.00,0.00
2016.09.13 10:06:14.040,13.28348,13.28651,0.00,0.00
2016.09.13 10:06:14.139,13.28339,13.28641,0.00,0.00
2016.09.13 10:06:14.272,13.28318,13.28622,0.00,0.00
2016.09.13 10:06:14.409,13.28338,13.28642,0.00,0.00
2016.09.13 10:06:14.811,13.28339,13.28642,0.00,0.00
2016.09.13 10:06:14.862,13.28358,13.28662,0.00,0.00
2016.09.13 10:06:15.342,13.28348,13.28652,0.00,0.00
2016.09.13 10:06:15.673,13.28359,13.28661,0.00,0.00
2016.09.13 10:06:15.805,13.28359,13.2865,0.00,0.00
2016.09.13 10:06:15.890,13.28338,13.28642,0.00,0.00
2016.09.13 10:06:16.304,13.28318,13.28622,0.00,0.00
2016.09.13 10:06:16.665,13.28329,13.28631,0.00,0.00
2016.09.13 10:06:19.850,13.28319,13.28621,0.00,0.00
2016.09.13 10:06:19.967,13.28349,13.2865,0.00,0.00
2016.09.13 10:06:20.254,13.28318,13.28622,0.00,0.00
2016.09.13 10:06:21.176,13.28349,13.28651,0.00,0.00
2016.09.13 10:06:21.456,13.28328,13.28632,0.00,0.00
2016.09.13 10:06:21.857,13.28349,13.2865,0.00,0.00
2016.09.13 10:06:23.063,13.28309,13.28611,0.00,0.00
2016.09.13 10:06:23.867,13.28338,13.28642,0.00,0.00
2016.09.13 10:06:24.291,13.28328,13.28632,0.00,0.00
2016.09.13 10:06:24.691,13.28338,13.28642,0.00,0.00
2016.09.13 10:06:25.391,13.28328,13.28632,0.00,0.00
2016.09.13 10:06:26.162,13.28338,13.28642,0.00,0.00
2016.09.13 10:06:26.492,13.28309,13.28611,0.00,0.00
2016.09.13 10:06:27.582,13.28338,13.28642,0.00,0.00
2016.09.13 10:06:28.486,13.28319,13.28621,0.00,0.00
2016.09.13 10:06:28.597,13.28308,13.28612,0.00,0.00
2016.09.13 10:06:28.787,13.28318,13.28622,0.00,0.00
2016.09.13 10:06:29.363,13.28308,13.28612,0.00,0.00
2016.09.13 10:06:30.508,13.28338,13.28642,0.00,0.00
2016.09.13 10:06:31.221,13.28308,13.28612,0.00,0.00
2016.09.13 10:06:31.896,13.28298,13.28602,0.00,0.00
2016.09.13 10:06:32.282,13.28328,13.28632,0.00,0.00
2016.09.13 10:06:32.598,13.28308,13.28612,0.00,0.00
2016.09.13 10:06:33.500,13.28329,13.28631,0.00,0.00
2016.09.13 10:06:34.201,13.28299,13.28601,0.00,0.00
2016.09.13 10:06:35.248,13.28288,13.28592,0.00,0.00
2016.09.13 10:06:35.405,13.28329,13.28631,0.00,0.00
2016.09.13 10:06:35.713,13.28299,13.28601,0.00,0.00
2016.09.13 10:06:36.138,13.28329,13.28631,0.00,0.00
2016.09.13 10:06:36.206,13.28308,13.28612,0.00,0.00
2016.09.13 10:06:36.415,13.28298,13.28602,0.00,0.00
2016.09.13 10:06:36.716,13.28308,13.28612,0.00,0.00
2016.09.13 10:06:37.145,13.28329,13.28631,0.00,0.00
2016.09.13 10:06:37.480,13.28319,13.28621,0.00,0.00
2016.09.13 10:06:37.609,13.28308,13.28612,0.00,0.00
2016.09.13 10:06:38.853,13.28289,13.28591,0.00,0.00
2016.09.13 10:06:39.012,13.28318,13.28622,0.00,0.00
2016.09.13 10:06:39.212,13.28309,13.28611,0.00,0.00
2016.09.13 10:06:40.759,13.28318,13.28622,0.00,0.00
2016.09.13 10:06:42.231,13.28328,13.28632,0.00,0.00
2016.09.13 10:06:42.533,13.28298,13.28602,0.00,0.00
2016.09.13 10:06:45.124,13.28329,13.28631,0.00,0.00
2016.09.13 10:06:46.738,13.28298,13.28602,0.00,0.00
2016.09.13 10:06:46.841,13.28318,13.28622,0.00,0.00
2016.09.13 10:06:47.388,13.28329,13.28631,0.00,0.00
2016.09.13 10:06:50.534,13.28319,13.28621,0.00,0.00
2016.09.13 10:06:53.239,13.28299,13.28601,0.00,0.00
2016.09.13 10:06:55.858,13.28328,13.28632,0.00,0.00
2016.09.13 10:06:55.959,13.28288,13.28592,0.00,0.00
2016.09.13 10:06:56.309,13.28329,13.28631,0.00,0.00
2016.09.13 10:06:56.360,13.28318,13.28622,0.00,0.00
2016.09.13 10:06:57.663,13.28298,13.28602,0.00,0.00
2016.09.13 10:06:58.501,13.28298,13.28551,0.00,0.00
2016.09.13 10:06:58.551,13.2827,13.28551,0.00,0.00
2016.09.13 10:06:58.653,13.2827,13.28542,0.00,0.00
2016.09.13 10:06:58.865,13.28238,13.28531,0.00,0.00
2016.09.13 10:06:58.966,13.28208,13.28512,0.00,0.00
2016.09.13 10:06:59.362,13.28208,13.28482,0.00,0.00
2016.09.13 10:06:59.464,13.28161,13.2845,0.00,0.00
2016.09.13 10:06:59.569,13.28098,13.28402,0.00,0.00
2016.09.13 10:06:59.871,13.28138,13.28431,0.00,0.00
2016.09.13 10:07:00.172,13.28119,13.28421,0.00,0.00
2016.09.13 10:07:00.273,13.28108,13.28412,0.00,0.00
2016.09.13 10:07:00.474,13.28118,13.28422,0.00,0.00
2016.09.13 10:07:00.840,13.28108,13.28412,0.00,0.00
2016.09.13 10:07:01.260,13.28119,13.28421,0.00,0.00
2016.09.13 10:07:03.817,13.28139,13.28431,0.00,0.00
2016.09.13 10:07:03.868,13.28118,13.28422,0.00,0.00
2016.09.13 10:07:05.183,13.28128,13.28431,0.00,0.00
2016.09.13 10:07:05.286,13.28118,13.28422,0.00,0.00
2016.09.13 10:07:07.824,13.28128,13.28431,0.00,0.00
2016.09.13 10:07:08.130,13.28118,13.28332,0.00,0.00
2016.09.13 10:07:08.181,13.28038,13.28332,0.00,0.00
2016.09.13 10:07:08.299,13.28019,13.28321,0.00,0.00
2016.09.13 10:07:08.377,13.28048,13.28332,0.00,0.00
2016.09.13 10:07:08.484,13.28028,13.28332,0.00,0.00
2016.09.13 10:07:08.677,13.28018,13.28322,0.00,0.00
2016.09.13 10:07:09.188,13.28048,13.28332,0.00,0.00
2016.09.13 10:07:09.480,13.28028,13.28332,0.00,0.00
2016.09.13 10:07:09.581,13.28019,13.28321,0.00,0.00
2016.09.13 10:07:10.282,13.28029,13.28331,0.00,0.00
2016.09.13 10:07:10.839,13.28018,13.28322,0.00,0.00
2016.09.13 10:07:10.889,13.28028,13.28332,0.00,0.00
2016.09.13 10:07:10.985,13.28019,13.28321,0.00,0.00
2016.09.13 10:07:11.085,13.28028,13.28332,0.00,0.00
2016.09.13 10:07:11.406,13.28048,13.28332,0.00,0.00
2016.09.13 10:07:11.456,13.2805,13.28332,0.00,0.00
2016.09.13 10:07:11.507,13.2805,13.28352,0.00,0.00
2016.09.13 10:07:11.664,13.28088,13.28392,0.00,0.00
2016.09.13 10:07:11.715,13.28108,13.2841,0.00,0.00
2016.09.13 10:07:11.787,13.28079,13.28381,0.00,0.00
2016.09.13 10:07:11.889,13.28099,13.28401,0.00,0.00
2016.09.13 10:07:12.107,13.28109,13.2841,0.00,0.00
2016.09.13 10:07:12.215,13.28079,13.28381,0.00,0.00
2016.09.13 10:07:18.108,13.28079,13.28381,0.00,0.00
2016.09.13 10:07:18.209,13.28109,13.28381,0.00,0.00
2016.09.13 10:07:18.327,13.28049,13.28342,0.00,0.00
2016.09.13 10:07:18.402,13.28068,13.28372,0.00,0.00
2016.09.13 10:07:18.723,13.28059,13.28361,0.00,0.00
2016.09.13 10:07:18.901,13.2805,13.28342,0.00,0.00
2016.09.13 10:07:19.130,13.2805,13.28309,0.00,0.00
2016.09.13 10:07:19.180,13.28038,13.28309,0.00,0.00
2016.09.13 10:07:19.281,13.28059,13.28231,0.00,0.00
2016.09.13 10:07:19.332,13.2794,13.28222,0.00,0.00
2016.09.13 10:07:19.383,13.27918,13.28222,0.00,0.00
2016.09.13 10:07:19.725,13.27958,13.28231,0.00,0.00
2016.09.13 10:07:19.804,13.27928,13.28231,0.00,0.00
2016.09.13 10:07:20.205,13.27958,13.28231,0.00,0.00
2016.09.13 10:07:20.329,13.27939,13.28231,0.00,0.00
2016.09.13 10:07:20.430,13.27958,13.28231,0.00,0.00
2016.09.13 10:07:20.531,13.27919,13.28221,0.00,0.00
2016.09.13 10:07:20.727,13.27928,13.28231,0.00,0.00
2016.09.13 10:07:20.806,13.27918,13.28222,0.00,0.00
2016.09.13 10:07:21.269,13.27899,13.28201,0.00,0.00
2016.09.13 10:07:21.601,13.27919,13.28221,0.00,0.00
2016.09.13 10:07:22.249,13.27928,13.28231,0.00,0.00
2016.09.13 10:07:22.583,13.27949,13.28231,0.00,0.00
2016.09.13 10:07:22.708,13.27929,13.28231,0.00,0.00
2016.09.13 10:07:22.833,13.27948,13.28231,0.00,0.00
2016.09.13 10:07:22.909,13.27929,13.28231,0.00,0.00
2016.09.13 10:07:23.010,13.27949,13.28231,0.00,0.00
2016.09.13 10:07:23.440,13.27919,13.28221,0.00,0.00
2016.09.13 10:07:23.760,13.27929,13.28231,0.00,0.00
2016.09.13 10:07:23.811,13.27948,13.28231,0.00,0.00
2016.09.13 10:07:23.937,13.27939,13.28231,0.00,0.00
2016.09.13 10:07:24.038,13.27949,13.28231,0.00,0.00
2016.09.13 10:07:24.438,13.27938,13.28231,0.00,0.00
2016.09.13 10:07:24.512,13.27919,13.28221,0.00,0.00
2016.09.13 10:07:24.913,13.27938,13.28231,0.00,0.00
2016.09.13 10:07:25.248,13.27948,13.28231,0.00,0.00
2016.09.13 10:07:25.359,13.27918,13.28222,0.00,0.00
2016.09.13 10:07:26.386,13.27938,13.28231,0.00,0.00
2016.09.13 10:07:28.747,13.27919,13.28221,0.00,0.00
2016.09.13 10:07:29.431,13.27918,13.28222,0.00,0.00
2016.09.13 10:07:31.252,13.27948,13.28231,0.00,0.00
2016.09.13 10:07:31.353,13.27928,13.28231,0.00,0.00
2016.09.13 10:07:31.454,13.27919,13.28221,0.00,0.00
2016.09.13 10:07:31.955,13.27948,13.28231,0.00,0.00
2016.09.13 10:07:32.255,13.27928,13.28231,0.00,0.00
2016.09.13 10:07:32.359,13.27919,13.28221,0.00,0.00
2016.09.13 10:07:33.158,13.27929,13.28231,0.00,0.00
2016.09.13 10:07:34.561,13.27918,13.28222,0.00,0.00
2016.09.13 10:07:35.336,13.27899,13.28201,0.00,0.00
2016.09.13 10:07:35.768,13.27928,13.28221,0.00,0.00
2016.09.13 10:07:35.818,13.27928,13.28231,0.00,0.00
2016.09.13 10:07:35.869,13.27888,13.28192,0.00,0.00
2016.09.13 10:07:36.426,13.27909,13.28211,0.00,0.00
2016.09.13 10:07:38.458,13.27919,13.28221,0.00,0.00
2016.09.13 10:07:40.163,13.27889,13.28191,0.00,0.00
2016.09.13 10:07:41.444,13.27898,13.28202,0.00,0.00
2016.09.13 10:07:42.383,13.27918,13.28222,0.00,0.00
2016.09.13 10:07:43.109,13.27889,13.2815,0.00,0.00
2016.09.13 10:07:43.160,13.27829,13.28131,0.00,0.00
2016.09.13 10:07:43.588,13.27838,13.28132,0.00,0.00
2016.09.13 10:07:44.091,13.27858,13.28132,0.00,0.00
2016.09.13 10:07:44.192,13.27838,13.28132,0.00,0.00
2016.09.13 10:07:44.392,13.27818,13.28122,0.00,0.00
2016.09.13 10:07:44.593,13.27838,13.28132,0.00,0.00
2016.09.13 10:07:44.861,13.27819,13.28121,0.00,0.00
2016.09.13 10:07:45.452,13.27838,13.28132,0.00,0.00
2016.09.13 10:07:45.570,13.27819,13.28121,0.00,0.00
2016.09.13 10:07:45.953,13.27838,13.28132,0.00,0.00
2016.09.13 10:07:48.058,13.27818,13.28122,0.00,0.00
2016.09.13 10:07:48.204,13.27849,13.28132,0.00,0.00
2016.09.13 10:07:48.259,13.27819,13.28121,0.00,0.00
2016.09.13 10:07:48.961,13.27838,13.28132,0.00,0.00
2016.09.13 10:07:50.364,13.27819,13.28121,0.00,0.00
2016.09.13 10:07:50.810,13.27829,13.28131,0.00,0.00
2016.09.13 10:07:51.132,13.27819,13.28121,0.00,0.00
2016.09.13 10:07:51.668,13.27828,13.28132,0.00,0.00
2016.09.13 10:07:52.002,13.27828,13.28101,0.00,0.00
2016.09.13 10:07:52.053,13.27828,13.28082,0.00,0.00
2016.09.13 10:07:52.154,13.27849,13.28111,0.00,0.00
2016.09.13 10:07:52.205,13.27768,13.28072,0.00,0.00
2016.09.13 10:07:52.730,13.27768,13.28031,0.00,0.00
2016.09.13 10:07:52.987,13.27738,13.28032,0.00,0.00
2016.09.13 10:07:53.088,13.27768,13.28032,0.00,0.00
2016.09.13 10:07:53.317,13.27748,13.28032,0.00,0.00
2016.09.13 10:07:53.372,13.27738,13.28032,0.00,0.00
2016.09.13 10:07:54.621,13.27758,13.28032,0.00,0.00
2016.09.13 10:07:55.077,13.27748,13.28032,0.00,0.00
2016.09.13 10:07:55.178,13.27729,13.28031,0.00,0.00
2016.09.13 10:07:55.424,13.27759,13.28032,0.00,0.00
2016.09.13 10:07:56.325,13.27748,13.28032,0.00,0.00
2016.09.13 10:07:56.881,13.27789,13.28032,0.00,0.00
2016.09.13 10:07:57.125,13.27768,13.28032,0.00,0.00
2016.09.13 10:07:57.182,13.27728,13.28032,0.00,0.00
2016.09.13 10:07:57.583,13.27769,13.28032,0.00,0.00
2016.09.13 10:07:57.884,13.27748,13.28032,0.00,0.00
2016.09.13 10:07:58.917,13.27748,13.28051,0.00,0.00
2016.09.13 10:07:59.086,13.27749,13.28031,0.00,0.00
2016.09.13 10:07:59.139,13.27768,13.28072,0.00,0.00
2016.09.13 10:07:59.189,13.27788,13.28081,0.00,0.00
2016.09.13 10:07:59.488,13.27759,13.28061,0.00,0.00
2016.09.13 10:07:59.688,13.27779,13.28081,0.00,0.00
2016.09.13 10:07:59.888,13.27758,13.28062,0.00,0.00
2016.09.13 10:08:00.189,13.27778,13.28081,0.00,0.00
2016.09.13 10:08:00.289,13.27758,13.28062,0.00,0.00
2016.09.13 10:08:00.435,13.27779,13.28032,0.00,0.00
2016.09.13 10:08:00.536,13.27788,13.28032,0.00,0.00
2016.09.13 10:08:00.637,13.27728,13.28032,0.00,0.00
2016.09.13 10:08:00.738,13.27739,13.28032,0.00,0.00
2016.09.13 10:08:01.164,13.27778,13.28032,0.00,0.00
2016.09.13 10:08:01.215,13.27738,13.28032,0.00,0.00
2016.09.13 10:08:01.393,13.27758,13.28032,0.00,0.00
2016.09.13 10:08:01.787,13.27778,13.28032,0.00,0.00
2016.09.13 10:08:02.532,13.27758,13.28032,0.00,0.00
2016.09.13 10:08:04.638,13.27779,13.28081,0.00,0.00
2016.09.13 10:08:04.776,13.27818,13.28111,0.00,0.00
2016.09.13 10:08:04.839,13.27828,13.28111,0.00,0.00
2016.09.13 10:08:05.044,13.27808,13.28111,0.00,0.00
2016.09.13 10:08:05.101,13.27828,13.28111,0.00,0.00
2016.09.13 10:08:05.245,13.27788,13.28081,0.00,0.00
2016.09.13 10:08:05.295,13.27788,13.28051,0.00,0.00
2016.09.13 10:08:05.346,13.27779,13.28032,0.00,0.00
2016.09.13 10:08:05.447,13.27748,13.28032,0.00,0.00
2016.09.13 10:08:05.503,13.27758,13.28032,0.00,0.00
2016.09.13 10:08:05.607,13.27748,13.28032,0.00,0.00
2016.09.13 10:08:05.871,13.27699,13.28001,0.00,0.00
2016.09.13 10:08:05.926,13.27738,13.28032,0.00,0.00
2016.09.13 10:08:06.405,13.27758,13.28032,0.00,0.00
2016.09.13 10:08:06.748,13.27758,13.28062,0.00,0.00
2016.09.13 10:08:06.985,13.27798,13.28082,0.00,0.00
2016.09.13 10:08:07.035,13.27788,13.28082,0.00,0.00
2016.09.13 10:08:07.107,13.27799,13.28082,0.00,0.00
2016.09.13 10:08:07.249,13.27789,13.28082,0.00,0.00
2016.09.13 10:08:10.556,13.27789,13.28031,0.00,0.00
2016.09.13 10:08:10.753,13.27748,13.28031,0.00,0.00
2016.09.13 10:08:11.049,13.27748,13.28052,0.00,0.00
2016.09.13 10:08:11.126,13.27779,13.28081,0.00,0.00
2016.09.13 10:08:11.214,13.27799,13.28082,0.00,0.00
2016.09.13 10:08:11.454,13.27789,13.28082,0.00,0.00
2016.09.13 10:08:11.657,13.27798,13.28082,0.00,0.00
2016.09.13 10:08:11.814,13.27788,13.28082,0.00,0.00
2016.09.13 10:08:11.965,13.27799,13.28082,0.00,0.00
2016.09.13 10:08:13.719,13.27789,13.28082,0.00,0.00
2016.09.13 10:08:14.570,13.27769,13.28071,0.00,0.00
2016.09.13 10:08:15.923,13.27788,13.28082,0.00,0.00
2016.09.13 10:08:16.299,13.27808,13.28032,0.00,0.00
2016.09.13 10:08:16.350,13.27749,13.28032,0.00,0.00
2016.09.13 10:08:16.775,13.27778,13.28032,0.00,0.00
2016.09.13 10:08:18.555,13.27808,13.28081,0.00,0.00
2016.09.13 10:08:19.029,13.27789,13.28081,0.00,0.00
2016.09.13 10:08:19.690,13.27799,13.28081,0.00,0.00
2016.09.13 10:08:20.025,13.27749,13.28031,0.00,0.00
2016.09.13 10:08:20.075,13.27729,13.28031,0.00,0.00
2016.09.13 10:08:20.383,13.27759,13.28031,0.00,0.00
2016.09.13 10:08:20.434,13.27728,13.28031,0.00,0.00
2016.09.13 10:08:20.617,13.27762,13.28031,0.00,0.00
2016.09.13 10:08:20.769,13.27769,13.28031,0.00,0.00
2016.09.13 10:08:21.065,13.27762,13.28031,0.00,0.00
2016.09.13 10:08:23.820,13.27781,13.28031,0.00,0.00
2016.09.13 10:08:23.871,13.27781,13.28072,0.00,0.00
2016.09.13 10:08:23.991,13.27819,13.28121,0.00,0.00
2016.09.13 10:08:24.341,13.27789,13.28091,0.00,0.00
2016.09.13 10:08:24.392,13.27818,13.28122,0.00,0.00
2016.09.13 10:08:24.444,13.27808,13.28112,0.00,0.00
2016.09.13 10:08:24.604,13.27848,13.28132,0.00,0.00
2016.09.13 10:08:24.756,13.27819,13.28121,0.00,0.00
2016.09.13 10:08:24.845,13.27798,13.28102,0.00,0.00
2016.09.13 10:08:24.922,13.27862,13.28102,0.00,0.00
2016.09.13 10:08:24.972,13.27862,13.28122,0.00,0.00
2016.09.13 10:08:25.075,13.27862,13.28132,0.00,0.00
2016.09.13 10:08:26.651,13.27862,13.28122,0.00,0.00
2016.09.13 10:08:26.899,13.27862,13.28132,0.00,0.00
2016.09.13 10:08:27.279,13.27862,13.28122,0.00,0.00
2016.09.13 10:08:27.900,13.27862,13.28132,0.00,0.00
2016.09.13 10:08:28.072,13.27862,13.28122,0.00,0.00
2016.09.13 10:08:28.262,13.27862,13.28132,0.00,0.00
2016.09.13 10:08:28.336,13.27862,13.28121,0.00,0.00
2016.09.13 10:08:29.442,13.27862,13.28112,0.00,0.00
2016.09.13 10:08:29.766,13.27862,13.28091,0.00,0.00
2016.09.13 10:08:30.305,13.27862,13.28112,0.00,0.00
2016.09.13 10:08:33.312,13.27862,13.28092,0.00,0.00
2016.09.13 10:08:33.413,13.27862,13.28132,0.00,0.00
2016.09.13 10:08:33.684,13.27862,13.28132,0.00,0.00
2016.09.13 10:08:35.582,13.27862,13.28132,0.00,0.00
2016.09.13 10:08:37.049,13.27828,13.28132,0.00,0.00
2016.09.13 10:08:37.103,13.27781,13.28071,0.00,0.00
2016.09.13 10:08:37.420,13.27781,13.28051,0.00,0.00
2016.09.13 10:08:38.725,13.27788,13.28081,0.00,0.00
2016.09.13 10:08:38.788,13.27781,13.28062,0.00,0.00
2016.09.13 10:08:39.179,13.27761,13.28031,0.00,0.00
2016.09.13 10:08:39.230,13.27761,13.28031,0.00,0.00
2016.09.13 10:08:39.331,13.27761,13.28022,0.00,0.00
2016.09.13 10:08:39.840,13.27761,13.28031,0.00,0.00
2016.09.13 10:08:40.031,13.27761,13.28021,0.00,0.00
2016.09.13 10:08:40.132,13.27761,13.28031,0.00,0.00
2016.09.13 10:08:40.899,13.27761,13.28051,0.00,0.00
2016.09.13 10:08:40.949,13.27781,13.28051,0.00,0.00
2016.09.13 10:08:41.000,13.27781,13.28081,0.00,0.00
2016.09.13 10:08:41.415,13.27781,13.28071,0.00,0.00
2016.09.13 10:08:42.933,13.27781,13.28082,0.00,0.00
2016.09.13 10:08:43.034,13.27781,13.28052,0.00,0.00
2016.09.13 10:08:43.096,13.27781,13.28071,0.00,0.00
2016.09.13 10:08:49.145,13.27862,13.28071,0.00,0.00
2016.09.13 10:08:49.246,13.27862,13.28092,0.00,0.00
2016.09.13 10:08:49.297,13.27862,13.28032,0.00,0.00
2016.09.13 10:08:49.348,13.27862,13.28032,0.00,0.00
2016.09.13 10:08:49.553,13.27862,13.28032,0.00,0.00
2016.09.13 10:08:49.849,13.27761,13.28032,0.00,0.00
2016.09.13 10:08:50.049,13.27768,13.28032,0.00,0.00
2016.09.13 10:08:50.150,13.27761,13.28032,0.00,0.00
2016.09.13 10:08:50.611,13.27761,13.28032,0.00,0.00
2016.09.13 10:08:53.272,13.27789,13.28082,0.00,0.00
2016.09.13 10:08:53.657,13.27781,13.28082,0.00,0.00
2016.09.13 10:08:54.333,13.27781,13.28062,0.00,0.00
2016.09.13 10:08:54.384,13.27761,13.28031,0.00,0.00
2016.09.13 10:08:54.860,13.27769,13.28031,0.00,0.00
2016.09.13 10:08:55.336,13.27769,13.28071,0.00,0.00
2016.09.13 10:08:55.387,13.27861,13.28082,0.00,0.00
2016.09.13 10:08:55.521,13.27861,13.28072,0.00,0.00
2016.09.13 10:08:55.764,13.27861,13.28082,0.00,0.00
2016.09.13 10:08:55.824,13.27861,13.28071,0.00,0.00
2016.09.13 10:08:56.253,13.27781,13.28071,0.00,0.00
2016.09.13 10:08:56.365,13.27781,13.28082,0.00,0.00
2016.09.13 10:08:56.415,13.27781,13.28032,0.00,0.00
2016.09.13 10:08:57.354,13.27761,13.28032,0.00,0.00
2016.09.13 10:08:58.170,13.27768,13.28032,0.00,0.00
2016.09.13 10:08:58.472,13.27768,13.28051,0.00,0.00
2016.09.13 10:08:58.522,13.27768,13.28072,0.00,0.00
2016.09.13 10:08:58.573,13.27819,13.28081,0.00,0.00
2016.09.13 10:08:58.777,13.27798,13.28081,0.00,0.00
2016.09.13 10:08:58.879,13.27781,13.28081,0.00,0.00
2016.09.13 10:08:59.071,13.27799,13.28082,0.00,0.00
2016.09.13 10:08:59.172,13.27781,13.28061,0.00,0.00
2016.09.13 10:08:59.672,13.27799,13.28082,0.00,0.00
2016.09.13 10:08:59.734,13.27781,13.28062,0.00,0.00
2016.09.13 10:09:01.437,13.27781,13.28082,0.00,0.00
2016.09.13 10:09:02.160,13.27781,13.28062,0.00,0.00
2016.09.13 10:09:02.211,13.27761,13.28032,0.00,0.00
2016.09.13 10:09:03.843,13.27761,13.28032,0.00,0.00
2016.09.13 10:09:04.282,13.27761,13.28032,0.00,0.00
2016.09.13 10:09:07.298,13.27761,13.28032,0.00,0.00
2016.09.13 10:09:07.891,13.27761,13.28032,0.00,0.00
2016.09.13 10:09:07.992,13.27761,13.28032,0.00,0.00
2016.09.13 10:09:08.943,13.27761,13.2803,0.00,0.00
2016.09.13 10:09:09.484,13.27761,13.28031,0.00,0.00
2016.09.13 10:09:09.855,13.27761,13.28032,0.00,0.00
2016.09.13 10:09:10.007,13.27761,13.28032,0.00,0.00
2016.09.13 10:09:10.296,13.27761,13.28032,0.00,0.00
2016.09.13 10:09:12.007,13.27761,13.28032,0.00,0.00
2016.09.13 10:09:12.108,13.27761,13.28032,0.00,0.00
2016.09.13 10:09:13.184,13.27782,13.28032,0.00,0.00
2016.09.13 10:09:13.234,13.27782,13.28051,0.00,0.00
2016.09.13 10:09:13.287,13.27798,13.28082,0.00,0.00
2016.09.13 10:09:13.388,13.27788,13.28081,0.00,0.00
2016.09.13 10:09:13.503,13.27782,13.28061,0.00,0.00
2016.09.13 10:09:13.604,13.27782,13.28081,0.00,0.00
2016.09.13 10:09:13.705,13.27789,13.28081,0.00,0.00
2016.09.13 10:09:13.806,13.27782,13.28061,0.00,0.00
2016.09.13 10:09:14.029,13.27782,13.28031,0.00,0.00
2016.09.13 10:09:14.325,13.27761,13.28031,0.00,0.00
2016.09.13 10:09:22.226,13.27761,13.28021,0.00,0.00
2016.09.13 10:09:22.606,13.27738,13.27982,0.00,0.00
2016.09.13 10:09:22.676,13.27738,13.2795,0.00,0.00
2016.09.13 10:09:22.727,13.27682,13.27932,0.00,0.00
2016.09.13 10:09:22.828,13.27682,13.27952,0.00,0.00
2016.09.13 10:09:22.879,13.27669,13.2779,0.00,0.00
2016.09.13 10:09:22.930,13.27588,13.2779,0.00,0.00
2016.09.13 10:09:23.140,13.27588,13.27811,0.00,0.00
2016.09.13 10:09:23.328,13.27579,13.2781,0.00,0.00
2016.09.13 10:09:23.429,13.27538,13.2781,0.00,0.00
2016.09.13 10:09:23.480,13.27569,13.27832,0.00,0.00
2016.09.13 10:09:23.531,13.27589,13.27852,0.00,0.00
2016.09.13 10:09:23.632,13.27589,13.27881,0.00,0.00
2016.09.13 10:09:23.901,13.27589,13.27881,0.00,0.00
2016.09.13 10:09:24.184,13.27668,13.2795,0.00,0.00
2016.09.13 10:09:24.235,13.27688,13.2795,0.00,0.00
2016.09.13 10:09:24.285,13.27688,13.27972,0.00,0.00
2016.09.13 10:09:24.633,13.27688,13.27962,0.00,0.00
2016.09.13 10:09:24.785,13.27688,13.27972,0.00,0.00
2016.09.13 10:09:25.075,13.27688,13.27952,0.00,0.00
2016.09.13 10:09:25.232,13.27688,13.27971,0.00,0.00
2016.09.13 10:09:25.285,13.27688,13.27942,0.00,0.00
2016.09.13 10:09:25.405,13.27688,13.27951,0.00,0.00
2016.09.13 10:09:25.734,13.27688,13.27971,0.00,0.00
2016.09.13 10:09:26.217,13.27688,13.27952,0.00,0.00
2016.09.13 10:09:26.318,13.27661,13.2791,0.00,0.00
2016.09.13 10:09:26.381,13.27639,13.2791,0.00,0.00
2016.09.13 10:09:26.432,13.27588,13.27882,0.00,0.00
2016.09.13 10:09:26.634,13.27639,13.27911,0.00,0.00
2016.09.13 10:09:26.892,13.27639,13.27901,0.00,0.00
2016.09.13 10:09:27.089,13.27639,13.27911,0.00,0.00
2016.09.13 10:09:27.140,13.27629,13.27911,0.00,0.00
2016.09.13 10:09:27.241,13.27638,13.2789,0.00,0.00
2016.09.13 10:09:27.292,13.27639,13.27911,0.00,0.00
2016.09.13 10:09:27.393,13.27638,13.27872,0.00,0.00
2016.09.13 10:09:27.444,13.27588,13.27872,0.00,0.00
2016.09.13 10:09:27.494,13.2762,13.27901,0.00,0.00
2016.09.13 10:09:27.545,13.27639,13.27901,0.00,0.00
2016.09.13 10:09:27.595,13.27639,13.27911,0.00,0.00
2016.09.13 10:09:28.173,13.27639,13.2791,0.00,0.00
2016.09.13 10:09:29.100,13.27639,13.2791,0.00,0.00
2016.09.13 10:09:29.201,13.27598,13.27902,0.00,0.00
2016.09.13 10:09:29.293,13.27588,13.27892,0.00,0.00
2016.09.13 10:09:29.394,13.27598,13.2784,0.00,0.00
2016.09.13 10:09:29.495,13.2757,13.27832,0.00,0.00
2016.09.13 10:09:29.545,13.27588,13.27832,0.00,0.00
2016.09.13 10:09:29.726,13.27561,13.27812,0.00,0.00
2016.09.13 10:09:29.794,13.27561,13.2784,0.00,0.00
2016.09.13 10:09:29.895,13.27561,13.27811,0.00,0.00
2016.09.13 10:09:30.038,13.27588,13.27841,0.00,0.00
2016.09.13 10:09:30.241,13.27558,13.2779,0.00,0.00
2016.09.13 10:09:30.295,13.27539,13.2779,0.00,0.00
2016.09.13 10:09:30.539,13.27539,13.2784,0.00,0.00
2016.09.13 10:09:30.796,13.27569,13.2784,0.00,0.00
2016.09.13 10:09:30.897,13.27548,13.27841,0.00,0.00
2016.09.13 10:09:31.097,13.27539,13.27832,0.00,0.00
2016.09.13 10:09:31.697,13.27539,13.27841,0.00,0.00
2016.09.13 10:09:31.748,13.27539,13.2784,0.00,0.00
2016.09.13 10:09:31.799,13.27539,13.27841,0.00,0.00
2016.09.13 10:09:32.190,13.27561,13.27841,0.00,0.00
2016.09.13 10:09:32.240,13.27588,13.27821,0.00,0.00
2016.09.13 10:09:32.341,13.27561,13.2782,0.00,0.00
2016.09.13 10:09:32.399,13.27568,13.2782,0.00,0.00
2016.09.13 10:09:32.449,13.27568,13.27841,0.00,0.00
2016.09.13 10:09:32.500,13.27561,13.27821,0.00,0.00
2016.09.13 10:09:32.800,13.27561,13.2784,0.00,0.00
2016.09.13 10:09:32.850,13.27561,13.2779,0.00,0.00
2016.09.13 10:09:32.901,13.27518,13.2779,0.00,0.00
2016.09.13 10:09:33.002,13.27508,13.2779,0.00,0.00
2016.09.13 10:09:33.103,13.27488,13.27791,0.00,0.00
2016.09.13 10:09:33.154,13.27539,13.27791,0.00,0.00
2016.09.13 10:09:33.206,13.27539,13.27801,0.00,0.00
2016.09.13 10:09:33.301,13.27539,13.27811,0.00,0.00
2016.09.13 10:09:33.644,13.27549,13.27821,0.00,0.00
2016.09.13 10:09:33.701,13.27538,13.27821,0.00,0.00
2016.09.13 10:09:33.752,13.27538,13.27831,0.00,0.00
2016.09.13 10:09:33.803,13.27558,13.27841,0.00,0.00
2016.09.13 10:09:34.102,13.27538,13.27822,0.00,0.00
2016.09.13 10:09:34.302,13.27558,13.2784,0.00,0.00
2016.09.13 10:09:34.403,13.27538,13.27832,0.00,0.00
2016.09.13 10:09:34.504,13.27538,13.2784,0.00,0.00
2016.09.13 10:09:34.605,13.27558,13.2784,0.00,0.00
2016.09.13 10:09:34.706,13.27539,13.27822,0.00,0.00
2016.09.13 10:09:34.960,13.27539,13.27811,0.00,0.00
2016.09.13 10:09:35.822,13.27548,13.27841,0.00,0.00
2016.09.13 10:09:35.906,13.27539,13.27801,0.00,0.00
2016.09.13 10:09:36.274,13.27539,13.27832,0.00,0.00
2016.09.13 10:09:36.351,13.27518,13.2779,0.00,0.00
2016.09.13 10:09:36.407,13.27498,13.2779,0.00,0.00
2016.09.13 10:09:36.508,13.27488,13.27782,0.00,0.00
2016.09.13 10:09:36.750,13.27539,13.27811,0.00,0.00
2016.09.13 10:09:37.520,13.27539,13.2781,0.00,0.00
2016.09.13 10:09:38.525,13.27539,13.27811,0.00,0.00
2016.09.13 10:09:39.919,13.27588,13.27811,0.00,0.00
2016.09.13 10:09:39.969,13.27588,13.2781,0.00,0.00
2016.09.13 10:09:40.020,13.27562,13.2781,0.00,0.00
2016.09.13 10:09:40.965,13.27539,13.2781,0.00,0.00
2016.09.13 10:09:41.641,13.27539,13.27811,0.00,0.00
2016.09.13 10:09:42.442,13.27539,13.2781,0.00,0.00
2016.09.13 10:09:43.170,13.27539,13.27811,0.00,0.00
2016.09.13 10:09:43.745,13.27539,13.2781,0.00,0.00
2016.09.13 10:09:44.330,13.27549,13.2781,0.00,0.00
2016.09.13 10:09:44.530,13.27539,13.2781,0.00,0.00
2016.09.13 10:09:44.764,13.27519,13.27791,0.00,0.00
2016.09.13 10:09:44.815,13.27538,13.27791,0.00,0.00
2016.09.13 10:09:44.866,13.27538,13.27781,0.00,0.00
2016.09.13 10:09:45.031,13.27538,13.27791,0.00,0.00
2016.09.13 10:09:45.265,13.27538,13.27811,0.00,0.00
2016.09.13 10:09:45.734,13.27538,13.27811,0.00,0.00
2016.09.13 10:09:46.397,13.27498,13.27791,0.00,0.00
2016.09.13 10:09:46.448,13.27488,13.27771,0.00,0.00
2016.09.13 10:09:46.651,13.27499,13.27791,0.00,0.00
2016.09.13 10:09:46.753,13.27488,13.27791,0.00,0.00
2016.09.13 10:09:46.803,13.27488,13.27791,0.00,0.00
2016.09.13 10:09:46.854,13.27498,13.27791,0.00,0.00
2016.09.13 10:09:47.181,13.27488,13.27781,0.00,0.00
2016.09.13 10:09:47.282,13.27508,13.27791,0.00,0.00
2016.09.13 10:09:47.574,13.27498,13.2779,0.00,0.00
2016.09.13 10:09:47.639,13.27488,13.27782,0.00,0.00
2016.09.13 10:09:48.139,13.27508,13.2779,0.00,0.00
2016.09.13 10:09:48.241,13.27489,13.2779,0.00,0.00
2016.09.13 10:09:48.481,13.27489,13.27791,0.00,0.00
2016.09.13 10:09:48.532,13.27539,13.27791,0.00,0.00
2016.09.13 10:09:48.582,13.27539,13.27782,0.00,0.00
2016.09.13 10:09:48.633,13.27561,13.27782,0.00,0.00
2016.09.13 10:09:48.684,13.27569,13.27792,0.00,0.00
2016.09.13 10:09:48.734,13.27588,13.27792,0.00,0.00
2016.09.13 10:09:48.785,13.27588,13.27881,0.00,0.00
2016.09.13 10:09:48.841,13.27599,13.2789,0.00,0.00
2016.09.13 10:09:49.572,13.27599,13.27891,0.00,0.00
2016.09.13 10:09:49.675,13.27588,13.27872,0.00,0.00
2016.09.13 10:09:50.143,13.27599,13.2789,0.00,0.00
2016.09.13 10:09:50.644,13.27588,13.27891,0.00,0.00
2016.09.13 10:09:51.463,13.27588,13.2789,0.00,0.00
2016.09.13 10:09:52.020,13.27608,13.2789,0.00,0.00
2016.09.13 10:09:52.541,13.27608,13.27891,0.00,0.00
2016.09.13 10:09:52.750,13.27588,13.27882,0.00,0.00
2016.09.13 10:09:53.050,13.27588,13.27872,0.00,0.00
2016.09.13 10:09:53.532,13.27588,13.27882,0.00,0.00
2016.09.13 10:09:53.583,13.27588,13.27871,0.00,0.00
2016.09.13 10:09:53.652,13.27598,13.2789,0.00,0.00
2016.09.13 10:09:54.054,13.27588,13.27872,0.00,0.00
2016.09.13 10:09:54.955,13.27588,13.27882,0.00,0.00
2016.09.13 10:09:55.259,13.27598,13.2789,0.00,0.00
2016.09.13 10:09:55.604,13.27568,13.2779,0.00,0.00
2016.09.13 10:09:55.705,13.27498,13.27791,0.00,0.00
2016.09.13 10:09:55.758,13.27488,13.27782,0.00,0.00
2016.09.13 10:09:55.859,13.27508,13.2779,0.00,0.00
2016.09.13 10:09:56.058,13.27488,13.27782,0.00,0.00
2016.09.13 10:09:56.159,13.27518,13.2779,0.00,0.00
2016.09.13 10:09:56.412,13.27519,13.27791,0.00,0.00
2016.09.13 10:09:56.463,13.27538,13.27791,0.00,0.00
2016.09.13 10:09:56.564,13.27518,13.27791,0.00,0.00
2016.09.13 10:09:56.665,13.27488,13.2779,0.00,0.00
2016.09.13 10:09:56.766,13.27518,13.2779,0.00,0.00
2016.09.13 10:09:56.961,13.27489,13.2779,0.00,0.00
2016.09.13 10:09:57.012,13.27489,13.27791,0.00,0.00
2016.09.13 10:09:57.462,13.27499,13.27791,0.00,0.00
2016.09.13 10:09:57.564,13.27489,13.2779,0.00,0.00
2016.09.13 10:09:57.863,13.27498,13.2779,0.00,0.00
2016.09.13 10:09:58.369,13.27538,13.27791,0.00,0.00
2016.09.13 10:09:58.419,13.27538,13.2781,0.00,0.00
2016.09.13 10:09:58.470,13.27548,13.2781,0.00,0.00
2016.09.13 10:09:58.672,13.27519,13.27811,0.00,0.00
2016.09.13 10:09:58.723,13.27508,13.27791,0.00,0.00
2016.09.13 10:09:58.774,13.27488,13.27791,0.00,0.00
2016.09.13 10:09:58.824,13.27488,13.27711,0.00,0.00
2016.09.13 10:09:58.926,13.27468,13.27691,0.00,0.00
2016.09.13 10:09:59.027,13.27398,13.27691,0.00,0.00
2016.09.13 10:09:59.134,13.27438,13.27702,0.00,0.00
2016.09.13 10:09:59.317,13.27458,13.27711,0.00,0.00
2016.09.13 10:09:59.375,13.27468,13.27711,0.00,0.00
2016.09.13 10:09:59.768,13.27448,13.2771,0.00,0.00
2016.09.13 10:10:00.145,13.27488,13.27711,0.00,0.00
2016.09.13 10:10:00.379,13.27488,13.2771,0.00,0.00
2016.09.13 10:10:00.430,13.27488,13.27691,0.00,0.00
2016.09.13 10:10:00.480,13.27468,13.27691,0.00,0.00
2016.09.13 10:10:00.581,13.27409,13.27691,0.00,0.00
2016.09.13 10:10:00.682,13.27418,13.2769,0.00,0.00
2016.09.13 10:10:00.784,13.27399,13.2769,0.00,0.00
2016.09.13 10:10:01.297,13.27399,13.27691,0.00,0.00
2016.09.13 10:10:01.470,13.27418,13.27691,0.00,0.00
2016.09.13 10:10:02.082,13.27418,13.2769,0.00,0.00
2016.09.13 10:10:02.317,13.27399,13.27691,0.00,0.00
2016.09.13 10:10:02.773,13.27418,13.27691,0.00,0.00
2016.09.13 10:10:02.873,13.27398,13.27691,0.00,0.00
2016.09.13 10:10:03.131,13.27418,13.27691,0.00,0.00
2016.09.13 10:10:03.507,13.27428,13.2769,0.00,0.00
2016.09.13 10:10:03.574,13.27419,13.2769,0.00,0.00
2016.09.13 10:10:04.155,13.27428,13.2769,0.00,0.00
2016.09.13 10:10:04.310,13.27418,13.27691,0.00,0.00
2016.09.13 10:10:04.375,13.27428,13.27691,0.00,0.00
2016.09.13 10:10:04.776,13.27398,13.27691,0.00,0.00
2016.09.13 10:10:05.233,13.27398,13.27591,0.00,0.00
2016.09.13 10:10:05.335,13.27439,13.27611,0.00,0.00
2016.09.13 10:10:05.385,13.27369,13.27611,0.00,0.00
2016.09.13 10:10:05.436,13.27338,13.27611,0.00,0.00
2016.09.13 10:10:05.486,13.27338,13.27611,0.00,0.00
2016.09.13 10:10:05.588,13.27368,13.27611,0.00,0.00
2016.09.13 10:10:05.639,13.27388,13.27671,0.00,0.00
2016.09.13 10:10:05.740,13.27388,13.27682,0.00,0.00
2016.09.13 10:10:05.790,13.27428,13.27691,0.00,0.00
2016.09.13 10:10:05.841,13.27488,13.27691,0.00,0.00
2016.09.13 10:10:06.084,13.27518,13.27781,0.00,0.00
2016.09.13 10:10:06.286,13.27488,13.2778,0.00,0.00
2016.09.13 10:10:06.382,13.27508,13.2778,0.00,0.00
2016.09.13 10:10:06.682,13.27498,13.27781,0.00,0.00
2016.09.13 10:10:06.733,13.27498,13.27691,0.00,0.00
2016.09.13 10:10:06.784,13.27459,13.27691,0.00,0.00
2016.09.13 10:10:06.885,13.27398,13.2769,0.00,0.00
2016.09.13 10:10:07.058,13.27418,13.27691,0.00,0.00
2016.09.13 10:10:07.284,13.27389,13.27691,0.00,0.00
2016.09.13 10:10:07.385,13.27418,13.27651,0.00,0.00
2016.09.13 10:10:07.486,13.27398,13.27651,0.00,0.00
2016.09.13 10:10:07.616,13.27398,13.27661,0.00,0.00
2016.09.13 10:10:07.684,13.27428,13.27661,0.00,0.00
2016.09.13 10:10:07.985,13.27419,13.27661,0.00,0.00
2016.09.13 10:10:08.162,13.27389,13.2761,0.00,0.00
2016.09.13 10:10:08.213,13.27399,13.2761,0.00,0.00
2016.09.13 10:10:08.277,13.27399,13.27691,0.00,0.00
2016.09.13 10:10:08.328,13.27448,13.2769,0.00,0.00
2016.09.13 10:10:08.429,13.27389,13.27691,0.00,0.00
2016.09.13 10:10:08.530,13.27369,13.27671,0.00,0.00
2016.09.13 10:10:08.588,13.27388,13.27691,0.00,0.00
2016.09.13 10:10:08.638,13.27388,13.27691,0.00,0.00
2016.09.13 10:10:08.753,13.27388,13.27611,0.00,0.00
2016.09.13 10:10:08.803,13.27418,13.27611,0.00,0.00
2016.09.13 10:10:08.929,13.27388,13.27611,0.00,0.00
2016.09.13 10:10:08.980,13.27388,13.27662,0.00,0.00
2016.09.13 10:10:09.031,13.27438,13.27701,0.00,0.00
2016.09.13 10:10:10.724,13.27438,13.277,0.00,0.00
2016.09.13 10:10:11.225,13.27438,13.27701,0.00,0.00
2016.09.13 10:10:11.294,13.27419,13.27701,0.00,0.00
2016.09.13 10:10:11.696,13.27428,13.27701,0.00,0.00
2016.09.13 10:10:11.796,13.27419,13.27701,0.00,0.00
2016.09.13 10:10:12.198,13.27428,13.27701,0.00,0.00
2016.09.13 10:10:12.730,13.27428,13.277,0.00,0.00
2016.09.13 10:10:13.202,13.27448,13.277,0.00,0.00
2016.09.13 10:10:13.275,13.27448,13.27711,0.00,0.00
2016.09.13 10:10:13.325,13.27439,13.27711,0.00,0.00
2016.09.13 10:10:13.376,13.27488,13.27711,0.00,0.00
2016.09.13 10:10:13.427,13.27488,13.27711,0.00,0.00
2016.09.13 10:10:13.527,13.27508,13.27791,0.00,0.00
2016.09.13 10:10:13.628,13.27529,13.27801,0.00,0.00
2016.09.13 10:10:14.039,13.27519,13.27801,0.00,0.00
2016.09.13 10:10:14.648,13.27519,13.278,0.00,0.00
2016.09.13 10:10:14.706,13.27498,13.278,0.00,0.00
2016.09.13 10:10:14.957,13.27519,13.27802,0.00,0.00
2016.09.13 10:10:15.020,13.27538,13.27791,0.00,0.00
2016.09.13 10:10:15.121,13.27549,13.27811,0.00,0.00
2016.09.13 10:10:15.408,13.27538,13.27811,0.00,0.00
2016.09.13 10:10:15.509,13.27548,13.27811,0.00,0.00
2016.09.13 10:10:15.559,13.27588,13.27852,0.00,0.00
2016.09.13 10:10:15.610,13.27598,13.27871,0.00,0.00
2016.09.13 10:10:15.660,13.27598,13.279,0.00,0.00
2016.09.13 10:10:15.711,13.27619,13.279,0.00,0.00
2016.09.13 10:10:16.059,13.27609,13.27901,0.00,0.00
2016.09.13 10:10:16.410,13.27598,13.279,0.00,0.00
2016.09.13 10:10:16.510,13.27608,13.279,0.00,0.00
2016.09.13 10:10:16.610,13.27588,13.27882,0.00,0.00
2016.09.13 10:10:16.911,13.27599,13.27901,0.00,0.00
2016.09.13 10:10:17.130,13.27608,13.27901,0.00,0.00
2016.09.13 10:10:17.712,13.27599,13.27901,0.00,0.00
2016.09.13 10:10:17.912,13.27608,13.27901,0.00,0.00
2016.09.13 10:10:18.413,13.27599,13.27901,0.00,0.00
2016.09.13 10:10:19.114,13.27608,13.27901,0.00,0.00
2016.09.13 10:10:19.639,13.27608,13.279,0.00,0.00
2016.09.13 10:10:20.019,13.27598,13.279,0.00,0.00
2016.09.13 10:10:20.217,13.27609,13.27901,0.00,0.00
2016.09.13 10:10:20.617,13.27598,13.27901,0.00,0.00
2016.09.13 10:10:20.818,13.27618,13.279,0.00,0.00
2016.09.13 10:10:21.160,13.27598,13.27901,0.00,0.00
2016.09.13 10:10:21.674,13.27598,13.279,0.00,0.00
2016.09.13 10:10:22.462,13.27598,13.27901,0.00,0.00
2016.09.13 10:10:22.521,13.27588,13.27882,0.00,0.00
2016.09.13 10:10:22.621,13.27618,13.27901,0.00,0.00
2016.09.13 10:10:22.821,13.27588,13.27881,0.00,0.00
2016.09.13 10:10:23.064,13.27619,13.27901,0.00,0.00
2016.09.13 10:10:23.322,13.27598,13.27901,0.00,0.00
2016.09.13 10:10:23.423,13.27619,13.279,0.00,0.00
2016.09.13 10:10:23.524,13.27599,13.27901,0.00,0.00
2016.09.13 10:10:25.063,13.27599,13.27881,0.00,0.00
2016.09.13 10:10:25.114,13.27599,13.27811,0.00,0.00
2016.09.13 10:10:25.215,13.27618,13.2779,0.00,0.00
2016.09.13 10:10:25.266,13.27489,13.27782,0.00,0.00
2016.09.13 10:10:25.327,13.27489,13.2779,0.00,0.00
2016.09.13 10:10:25.429,13.27528,13.2779,0.00,0.00
2016.09.13 10:10:25.667,13.27489,13.27791,0.00,0.00
2016.09.13 10:10:26.171,13.27528,13.27791,0.00,0.00
2016.09.13 10:10:26.231,13.27508,13.27791,0.00,0.00
2016.09.13 10:10:26.431,13.27528,13.27791,0.00,0.00
2016.09.13 10:10:26.532,13.27489,13.27761,0.00,0.00
2016.09.13 10:10:27.174,13.27489,13.2778,0.00,0.00
2016.09.13 10:10:27.405,13.27489,13.27772,0.00,0.00
2016.09.13 10:10:27.563,13.2747,13.27742,0.00,0.00
2016.09.13 10:10:27.614,13.27438,13.27721,0.00,0.00
2016.09.13 10:10:27.664,13.27438,13.27721,0.00,0.00
2016.09.13 10:10:27.715,13.27438,13.27721,0.00,0.00
2016.09.13 10:10:27.766,13.27468,13.2773,0.00,0.00
2016.09.13 10:10:27.817,13.27468,13.27741,0.00,0.00
2016.09.13 10:10:28.036,13.27448,13.27741,0.00,0.00
2016.09.13 10:10:28.137,13.27438,13.27732,0.00,0.00
2016.09.13 10:10:28.335,13.27459,13.2774,0.00,0.00
2016.09.13 10:10:28.537,13.27449,13.2774,0.00,0.00
2016.09.13 10:10:28.939,13.27458,13.2774,0.00,0.00
2016.09.13 10:10:29.040,13.27449,13.27741,0.00,0.00
2016.09.13 10:10:29.441,13.27438,13.27731,0.00,0.00
2016.09.13 10:10:29.642,13.27448,13.2774,0.00,0.00
2016.09.13 10:10:30.092,13.27468,13.2774,0.00,0.00
2016.09.13 10:10:30.343,13.27439,13.2774,0.00,0.00
2016.09.13 10:10:30.445,13.27448,13.2774,0.00,0.00
2016.09.13 10:10:30.544,13.27438,13.2774,0.00,0.00
2016.09.13 10:10:30.645,13.27449,13.2774,0.00,0.00
2016.09.13 10:10:30.751,13.27439,13.2774,0.00,0.00
2016.09.13 10:10:31.146,13.27448,13.2774,0.00,0.00
2016.09.13 10:10:31.690,13.27489,13.27752,0.00,0.00
2016.09.13 10:10:31.791,13.27489,13.2774,0.00,0.00
2016.09.13 10:10:31.892,13.27488,13.27741,0.00,0.00
2016.09.13 10:10:31.948,13.27489,13.27741,0.00,0.00
2016.09.13 10:10:32.184,13.27489,13.2778,0.00,0.00
2016.09.13 10:10:32.249,13.27508,13.2778,0.00,0.00
2016.09.13 10:10:32.691,13.27489,13.2772,0.00,0.00
2016.09.13 10:10:32.792,13.27438,13.27721,0.00,0.00
2016.09.13 10:10:32.886,13.27438,13.27731,0.00,0.00
2016.09.13 10:10:32.950,13.27459,13.27741,0.00,0.00
2016.09.13 10:10:33.151,13.27438,13.27731,0.00,0.00
2016.09.13 10:10:33.692,13.27419,13.27701,0.00,0.00
2016.09.13 10:10:33.793,13.27398,13.27701,0.00,0.00
2016.09.13 10:10:33.952,13.27419,13.27701,0.00,0.00
2016.09.13 10:10:34.152,13.27399,13.27701,0.00,0.00
2016.09.13 10:10:34.854,13.27409,13.27701,0.00,0.00
2016.09.13 10:10:35.655,13.27398,13.27701,0.00,0.00
2016.09.13 10:10:37.504,13.27398,13.277,0.00,0.00
2016.09.13 10:10:38.254,13.27398,13.27701,0.00,0.00
2016.09.13 10:10:38.305,13.27409,13.27701,0.00,0.00
2016.09.13 10:10:38.559,13.27398,13.27701,0.00,0.00
2016.09.13 10:10:38.668,13.27388,13.27692,0.00,0.00
2016.09.13 10:10:39.472,13.27398,13.27701,0.00,0.00
2016.09.13 10:10:39.573,13.27408,13.27701,0.00,0.00
2016.09.13 10:10:40.124,13.27408,13.277,0.00,0.00
2016.09.13 10:10:40.774,13.27418,13.277,0.00,0.00
2016.09.13 10:10:40.875,13.27438,13.277,0.00,0.00
2016.09.13 10:10:40.930,13.27438,13.27732,0.00,0.00
2016.09.13 10:10:41.080,13.27478,13.27782,0.00,0.00
2016.09.13 10:10:41.382,13.27469,13.27771,0.00,0.00
2016.09.13 10:10:41.775,13.27449,13.27751,0.00,0.00
2016.09.13 10:10:42.065,13.27468,13.27772,0.00,0.00
2016.09.13 10:10:42.966,13.27449,13.27751,0.00,0.00
2016.09.13 10:10:43.167,13.27478,13.27782,0.00,0.00
2016.09.13 10:10:43.668,13.27448,13.27752,0.00,0.00
2016.09.13 10:10:44.369,13.27479,13.27781,0.00,0.00
2016.09.13 10:10:44.669,13.27468,13.27772,0.00,0.00
2016.09.13 10:10:44.927,13.27449,13.27751,0.00,0.00
2016.09.13 10:10:45.308,13.27488,13.27772,0.00,0.00
2016.09.13 10:10:45.409,13.27508,13.278,0.00,0.00
2016.09.13 10:10:45.826,13.27488,13.27792,0.00,0.00
2016.09.13 10:10:45.877,13.27489,13.27781,0.00,0.00
2016.09.13 10:10:46.101,13.27469,13.27732,0.00,0.00
2016.09.13 10:10:46.165,13.27439,13.27611,0.00,0.00
2016.09.13 10:10:46.216,13.27338,13.27611,0.00,0.00
2016.09.13 10:10:46.475,13.27348,13.27611,0.00,0.00
2016.09.13 10:10:46.866,13.27339,13.2761,0.00,0.00
2016.09.13 10:10:46.917,13.27419,13.27691,0.00,0.00
2016.09.13 10:10:47.077,13.27398,13.27691,0.00,0.00
2016.09.13 10:10:47.177,13.27388,13.27691,0.00,0.00
2016.09.13 10:10:47.278,13.27418,13.27691,0.00,0.00
2016.09.13 10:10:47.404,13.27388,13.27691,0.00,0.00
2016.09.13 10:10:48.156,13.27388,13.2769,0.00,0.00
2016.09.13 10:10:48.910,13.27388,13.27691,0.00,0.00
2016.09.13 10:10:49.384,13.27388,13.27612,0.00,0.00
2016.09.13 10:10:49.485,13.27369,13.27612,0.00,0.00
2016.09.13 10:10:49.586,13.27339,13.27611,0.00,0.00
2016.09.13 10:10:49.785,13.27348,13.27611,0.00,0.00
2016.09.13 10:10:49.899,13.27339,13.27611,0.00,0.00
2016.09.13 10:10:50.712,13.27359,13.27611,0.00,0.00
2016.09.13 10:10:50.788,13.27349,13.27611,0.00,0.00
2016.09.13 10:10:51.185,13.27349,13.27511,0.00,0.00
2016.09.13 10:10:51.312,13.27349,13.275,0.00,0.00
2016.09.13 10:10:51.363,13.27262,13.275,0.00,0.00
2016.09.13 10:10:51.427,13.27262,13.27452,0.00,0.00
2016.09.13 10:10:51.528,13.27262,13.27471,0.00,0.00
2016.09.13 10:10:51.679,13.27289,13.27542,0.00,0.00
2016.09.13 10:10:51.732,13.27322,13.27542,0.00,0.00
2016.09.13 10:10:51.783,13.27449,13.27549,0.00,0.00
2016.09.13 10:10:51.833,13.2764,13.27759,0.00,0.00
2016.09.13 10:10:51.885,13.27689,13.27921,0.00,0.00
2016.09.13 10:10:51.988,13.27689,13.2794,0.00,0.00
2016.09.13 10:10:52.039,13.27698,13.2794,0.00,0.00
2016.09.13 10:10:52.090,13.27769,13.28002,0.00,0.00
2016.09.13 10:10:52.222,13.27888,13.28121,0.00,0.00
2016.09.13 10:10:52.273,13.2793,13.28121,0.00,0.00
2016.09.13 10:10:52.324,13.27988,13.28201,0.00,0.00
2016.09.13 10:10:52.398,13.27988,13.28282,0.00,0.00
2016.09.13 10:10:52.517,13.27998,13.28302,0.00,0.00
2016.09.13 10:10:52.618,13.28038,13.28312,0.00,0.00
2016.09.13 10:10:52.719,13.28038,13.28322,0.00,0.00
2016.09.13 10:10:52.770,13.2808,13.28322,0.00,0.00
2016.09.13 10:10:52.820,13.28089,13.28392,0.00,0.00
2016.09.13 10:10:53.091,13.28099,13.28401,0.00,0.00
2016.09.13 10:10:53.168,13.28099,13.28401,0.00,0.00
2016.09.13 10:10:53.269,13.28099,13.28401,0.00,0.00
2016.09.13 10:10:53.320,13.28138,13.28422,0.00,0.00
2016.09.13 10:10:53.370,13.28179,13.28421,0.00,0.00
2016.09.13 10:10:53.421,13.28188,13.28421,0.00,0.00
2016.09.13 10:10:53.471,13.28188,13.28492,0.00,0.00
2016.09.13 10:10:53.522,13.28188,13.28451,0.00,0.00
2016.09.13 10:10:53.719,13.28188,13.28481,0.00,0.00
2016.09.13 10:10:53.795,13.28188,13.28462,0.00,0.00
2016.09.13 10:10:53.921,13.28188,13.28481,0.00,0.00
2016.09.13 10:10:54.218,13.28188,13.28472,0.00,0.00
2016.09.13 10:10:54.320,13.28188,13.28482,0.00,0.00
2016.09.13 10:10:54.421,13.28188,13.28452,0.00,0.00
2016.09.13 10:10:55.091,13.28148,13.28452,0.00,0.00
2016.09.13 10:10:55.142,13.28139,13.28442,0.00,0.00
2016.09.13 10:10:55.193,13.28138,13.28442,0.00,0.00
2016.09.13 10:10:55.446,13.28089,13.28392,0.00,0.00
2016.09.13 10:10:55.547,13.28119,13.28421,0.00,0.00
2016.09.13 10:10:55.725,13.28108,13.28412,0.00,0.00
2016.09.13 10:10:55.801,13.28098,13.28402,0.00,0.00
2016.09.13 10:10:56.183,13.28109,13.28411,0.00,0.00
2016.09.13 10:10:56.528,13.28129,13.28431,0.00,0.00
2016.09.13 10:10:56.629,13.28089,13.28391,0.00,0.00
2016.09.13 10:10:56.786,13.28089,13.28371,0.00,0.00
2016.09.13 10:10:57.020,13.28089,13.2839,0.00,0.00
2016.09.13 10:10:57.104,13.28089,13.28372,0.00,0.00
2016.09.13 10:10:57.999,13.28068,13.28341,0.00,0.00
2016.09.13 10:10:58.213,13.27998,13.28302,0.00,0.00
2016.09.13 10:10:58.451,13.27989,13.28281,0.00,0.00
2016.09.13 10:10:59.236,13.27998,13.28302,0.00,0.00
2016.09.13 10:10:59.825,13.28018,13.2832,0.00,0.00
2016.09.13 10:11:00.215,13.27998,13.28302,0.00,0.00
2016.09.13 10:11:00.316,13.27989,13.28282,0.00,0.00
2016.09.13 10:11:00.416,13.28008,13.28312,0.00,0.00
2016.09.13 10:11:00.779,13.28019,13.28321,0.00,0.00
2016.09.13 10:11:00.829,13.27989,13.28292,0.00,0.00
2016.09.13 10:11:01.118,13.27998,13.28302,0.00,0.00
2016.09.13 10:11:01.306,13.28079,13.28302,0.00,0.00
2016.09.13 10:11:01.356,13.28079,13.28321,0.00,0.00
2016.09.13 10:11:01.407,13.28089,13.28321,0.00,0.00
2016.09.13 10:11:01.458,13.28089,13.2839,0.00,0.00
2016.09.13 10:11:01.767,13.28089,13.28382,0.00,0.00
2016.09.13 10:11:01.868,13.28089,13.28391,0.00,0.00
2016.09.13 10:11:02.348,13.28089,13.28382,0.00,0.00
2016.09.13 10:11:02.449,13.28089,13.28361,0.00,0.00
2016.09.13 10:11:02.523,13.28089,13.28382,0.00,0.00
2016.09.13 10:11:02.956,13.28089,13.28362,0.00,0.00
2016.09.13 10:11:04.327,13.28058,13.28341,0.00,0.00
2016.09.13 10:11:04.448,13.27998,13.28302,0.00,0.00
2016.09.13 10:11:04.549,13.27988,13.28292,0.00,0.00
2016.09.13 10:11:04.650,13.28018,13.28322,0.00,0.00
2016.09.13 10:11:04.820,13.28018,13.28321,0.00,0.00
2016.09.13 10:11:04.870,13.27988,13.28292,0.00,0.00
2016.09.13 10:11:04.972,13.27988,13.28282,0.00,0.00
2016.09.13 10:11:05.467,13.28008,13.28312,0.00,0.00
2016.09.13 10:11:05.936,13.27999,13.28301,0.00,0.00
2016.09.13 10:11:06.237,13.28049,13.2835,0.00,0.00
2016.09.13 10:11:06.345,13.28049,13.28351,0.00,0.00
2016.09.13 10:11:06.675,13.28029,13.28331,0.00,0.00
2016.09.13 10:11:07.761,13.28018,13.28322,0.00,0.00
2016.09.13 10:11:08.843,13.28048,13.2835,0.00,0.00
2016.09.13 10:11:09.715,13.28048,13.28351,0.00,0.00
2016.09.13 10:11:10.008,13.27989,13.28281,0.00,0.00
2016.09.13 10:11:10.059,13.27909,13.28211,0.00,0.00
2016.09.13 10:11:10.167,13.27939,13.2822,0.00,0.00
2016.09.13 10:11:10.218,13.27939,13.28211,0.00,0.00
2016.09.13 10:11:10.269,13.27899,13.28201,0.00,0.00
2016.09.13 10:11:10.382,13.27918,13.28211,0.00,0.00
2016.09.13 10:11:10.517,13.27918,13.28221,0.00,0.00
2016.09.13 10:11:10.568,13.27959,13.28221,0.00,0.00
2016.09.13 10:11:10.847,13.27948,13.2822,0.00,0.00
2016.09.13 10:11:11.196,13.27959,13.2821,0.00,0.00
2016.09.13 10:11:11.628,13.27959,13.28261,0.00,0.00
2016.09.13 10:11:11.679,13.27978,13.28282,0.00,0.00
2016.09.13 10:11:11.730,13.27989,13.28282,0.00,0.00
2016.09.13 10:11:11.780,13.28039,13.28291,0.00,0.00
2016.09.13 10:11:11.971,13.28048,13.2829,0.00,0.00
2016.09.13 10:11:12.225,13.28038,13.2829,0.00,0.00
2016.09.13 10:11:12.278,13.28048,13.2829,0.00,0.00
2016.09.13 10:11:13.025,13.28048,13.2832,0.00,0.00
2016.09.13 10:11:13.250,13.28068,13.28351,0.00,0.00
2016.09.13 10:11:13.634,13.28078,13.28351,0.00,0.00
2016.09.13 10:11:13.884,13.28068,13.2835,0.00,0.00
2016.09.13 10:11:13.953,13.28048,13.2835,0.00,0.00
2016.09.13 10:11:14.623,13.28048,13.28351,0.00,0.00
2016.09.13 10:11:15.080,13.28078,13.28351,0.00,0.00
2016.09.13 10:11:15.840,13.28078,13.2835,0.00,0.00
2016.09.13 10:11:15.941,13.28079,13.28382,0.00,0.00
2016.09.13 10:11:15.992,13.28108,13.28412,0.00,0.00
2016.09.13 10:11:16.042,13.2811,13.28412,0.00,0.00
2016.09.13 10:11:16.093,13.28158,13.2845,0.00,0.00
2016.09.13 10:11:16.143,13.28158,13.28421,0.00,0.00
2016.09.13 10:11:16.295,13.28128,13.28431,0.00,0.00
2016.09.13 10:11:16.431,13.28148,13.28431,0.00,0.00
2016.09.13 10:11:16.642,13.28148,13.28441,0.00,0.00
2016.09.13 10:11:16.743,13.28138,13.2844,0.00,0.00
2016.09.13 10:11:16.793,13.28119,13.28421,0.00,0.00
2016.09.13 10:11:16.995,13.28159,13.28451,0.00,0.00
2016.09.13 10:11:17.596,13.28159,13.2845,0.00,0.00
2016.09.13 10:11:17.976,13.28138,13.28442,0.00,0.00
2016.09.13 10:11:18.167,13.28159,13.2845,0.00,0.00
2016.09.13 10:11:18.667,13.28138,13.28442,0.00,0.00
2016.09.13 10:11:19.018,13.28159,13.2845,0.00,0.00
2016.09.13 10:11:19.189,13.28129,13.28431,0.00,0.00
2016.09.13 10:11:19.240,13.28158,13.28451,0.00,0.00
2016.09.13 10:11:19.851,13.28158,13.28361,0.00,0.00
2016.09.13 10:11:19.902,13.28138,13.28361,0.00,0.00
2016.09.13 10:11:19.953,13.28138,13.28391,0.00,0.00
2016.09.13 10:11:20.004,13.28099,13.28391,0.00,0.00
2016.09.13 10:11:20.190,13.28099,13.2839,0.00,0.00
2016.09.13 10:11:20.240,13.28128,13.2839,0.00,0.00
2016.09.13 10:11:20.674,13.28108,13.28391,0.00,0.00
2016.09.13 10:11:21.464,13.28108,13.2829,0.00,0.00
2016.09.13 10:11:21.615,13.28038,13.2829,0.00,0.00
2016.09.13 10:11:21.666,13.28038,13.28291,0.00,0.00
2016.09.13 10:11:21.717,13.27999,13.28281,0.00,0.00
2016.09.13 10:11:21.767,13.27999,13.28261,0.00,0.00
2016.09.13 10:11:21.818,13.28019,13.28261,0.00,0.00
2016.09.13 10:11:21.919,13.27968,13.28261,0.00,0.00
2016.09.13 10:11:21.969,13.27968,13.282,0.00,0.00
2016.09.13 10:11:22.020,13.27958,13.282,0.00,0.00
2016.09.13 10:11:22.071,13.27958,13.28211,0.00,0.00
2016.09.13 10:11:22.172,13.27939,13.28241,0.00,0.00
2016.09.13 10:11:22.222,13.27958,13.28261,0.00,0.00
2016.09.13 10:11:22.273,13.27958,13.28251,0.00,0.00
2016.09.13 10:11:22.478,13.27949,13.28251,0.00,0.00
2016.09.13 10:11:22.547,13.27949,13.2825,0.00,0.00
2016.09.13 10:11:22.880,13.27979,13.2825,0.00,0.00
2016.09.13 10:11:23.148,13.27979,13.28281,0.00,0.00
2016.09.13 10:11:23.457,13.27979,13.28241,0.00,0.00
2016.09.13 10:11:23.752,13.27948,13.28241,0.00,0.00
2016.09.13 10:11:24.952,13.27958,13.28241,0.00,0.00
2016.09.13 10:11:25.284,13.27978,13.28251,0.00,0.00
2016.09.13 10:11:25.403,13.27958,13.28251,0.00,0.00
2016.09.13 10:11:25.483,13.27978,13.28251,0.00,0.00
2016.09.13 10:11:26.273,13.27979,13.28282,0.00,0.00
2016.09.13 10:11:26.324,13.27988,13.28251,0.00,0.00
2016.09.13 10:11:26.425,13.28038,13.2829,0.00,0.00
2016.09.13 10:11:26.497,13.28028,13.28291,0.00,0.00
2016.09.13 10:11:26.598,13.27998,13.2822,0.00,0.00
2016.09.13 10:11:26.699,13.27958,13.2822,0.00,0.00
2016.09.13 10:11:26.800,13.27938,13.28221,0.00,0.00
2016.09.13 10:11:27.065,13.27938,13.28231,0.00,0.00
2016.09.13 10:11:27.488,13.27948,13.2823,0.00,0.00
2016.09.13 10:11:27.538,13.27948,13.28181,0.00,0.00
2016.09.13 10:11:27.594,13.27948,13.28161,0.00,0.00
2016.09.13 10:11:27.645,13.27918,13.28161,0.00,0.00
2016.09.13 10:11:27.696,13.27918,13.28141,0.00,0.00
2016.09.13 10:11:27.810,13.27869,13.28141,0.00,0.00
2016.09.13 10:11:27.998,13.27878,13.28141,0.00,0.00
2016.09.13 10:11:28.060,13.27878,13.2815,0.00,0.00
2016.09.13 10:11:28.161,13.2788,13.28161,0.00,0.00
2016.09.13 10:11:28.211,13.27889,13.2819,0.00,0.00
2016.09.13 10:11:28.336,13.27949,13.2819,0.00,0.00
2016.09.13 10:11:29.316,13.27928,13.2819,0.00,0.00
2016.09.13 10:11:29.367,13.27928,13.28191,0.00,0.00
2016.09.13 10:11:29.468,13.27918,13.28151,0.00,0.00
2016.09.13 10:11:29.518,13.27888,13.28151,0.00,0.00
2016.09.13 10:11:29.619,13.27858,13.28151,0.00,0.00
2016.09.13 10:11:30.194,13.27868,13.28151,0.00,0.00
2016.09.13 10:11:31.395,13.27868,13.28091,0.00,0.00
2016.09.13 10:11:31.496,13.27839,13.28091,0.00,0.00
2016.09.13 10:11:31.597,13.27819,13.2799,0.00,0.00
2016.09.13 10:11:31.698,13.27798,13.27991,0.00,0.00
2016.09.13 10:11:31.818,13.27729,13.2799,0.00,0.00
2016.09.13 10:11:31.896,13.27759,13.2799,0.00,0.00
2016.09.13 10:11:32.096,13.27729,13.2799,0.00,0.00
2016.09.13 10:11:32.297,13.27748,13.2799,0.00,0.00
2016.09.13 10:11:32.775,13.27748,13.27991,0.00,0.00
2016.09.13 10:11:33.124,13.27728,13.27991,0.00,0.00
2016.09.13 10:11:33.828,13.27748,13.27991,0.00,0.00
2016.09.13 10:11:33.900,13.27729,13.27991,0.00,0.00
2016.09.13 10:11:34.100,13.27749,13.27991,0.00,0.00
2016.09.13 10:11:34.508,13.27758,13.27991,0.00,0.00
2016.09.13 10:11:34.560,13.27798,13.28051,0.00,0.00
2016.09.13 10:11:34.610,13.27798,13.2806,0.00,0.00
2016.09.13 10:11:34.711,13.27808,13.28091,0.00,0.00
2016.09.13 10:11:34.812,13.27838,13.2809,0.00,0.00
2016.09.13 10:11:35.014,13.27848,13.2809,0.00,0.00
2016.09.13 10:11:35.115,13.27818,13.28091,0.00,0.00
2016.09.13 10:11:35.217,13.27799,13.27991,0.00,0.00
2016.09.13 10:11:35.318,13.27779,13.27991,0.00,0.00
2016.09.13 10:11:35.403,13.27729,13.27991,0.00,0.00
2016.09.13 10:11:35.603,13.27758,13.27991,0.00,0.00
2016.09.13 10:11:35.839,13.27758,13.27991,0.00,0.00
2016.09.13 10:11:35.904,13.27729,13.27991,0.00,0.00
2016.09.13 10:11:36.204,13.27748,13.27991,0.00,0.00
2016.09.13 10:11:36.406,13.27728,13.2799,0.00,0.00
2016.09.13 10:11:36.590,13.27728,13.27891,0.00,0.00
2016.09.13 10:11:36.641,13.27758,13.27891,0.00,0.00
2016.09.13 10:11:36.742,13.27739,13.2789,0.00,0.00
2016.09.13 10:11:36.792,13.27739,13.27861,0.00,0.00
2016.09.13 10:11:36.843,13.27648,13.27861,0.00,0.00
2016.09.13 10:11:36.894,13.27648,13.27871,0.00,0.00
2016.09.13 10:11:37.083,13.27599,13.27871,0.00,0.00
2016.09.13 10:11:37.134,13.27589,13.2787,0.00,0.00
2016.09.13 10:11:37.241,13.27619,13.27871,0.00,0.00
2016.09.13 10:11:37.343,13.27609,13.27871,0.00,0.00
2016.09.13 10:11:37.456,13.27588,13.27871,0.00,0.00
2016.09.13 10:11:37.852,13.27608,13.2787,0.00,0.00
2016.09.13 10:11:38.348,13.27618,13.2787,0.00,0.00
2016.09.13 10:11:38.722,13.27608,13.27912,0.00,0.00
2016.09.13 10:11:38.823,13.27689,13.2798,0.00,0.00
2016.09.13 10:11:39.126,13.27628,13.2787,0.00,0.00
2016.09.13 10:11:39.227,13.27599,13.2785,0.00,0.00
2016.09.13 10:11:39.376,13.27558,13.2785,0.00,0.00
2016.09.13 10:11:39.427,13.27558,13.27821,0.00,0.00
2016.09.13 10:11:39.646,13.27578,13.2782,0.00,0.00
2016.09.13 10:11:39.697,13.27578,13.27811,0.00,0.00
2016.09.13 10:11:39.747,13.27558,13.27811,0.00,0.00
2016.09.13 10:11:39.896,13.27558,13.27771,0.00,0.00
2016.09.13 10:11:39.997,13.27558,13.27781,0.00,0.00
2016.09.13 10:11:40.048,13.27548,13.27781,0.00,0.00
2016.09.13 10:11:40.098,13.27548,13.27741,0.00,0.00
2016.09.13 10:11:40.149,13.27538,13.27741,0.00,0.00
2016.09.13 10:11:40.200,13.27538,13.27791,0.00,0.00
2016.09.13 10:11:40.301,13.27518,13.27791,0.00,0.00
2016.09.13 10:11:40.351,13.27539,13.27791,0.00,0.00
2016.09.13 10:11:40.631,13.27538,13.27791,0.00,0.00
2016.09.13 10:11:40.800,13.27548,13.2783,0.00,0.00
2016.09.13 10:11:40.850,13.27599,13.2783,0.00,0.00
2016.09.13 10:11:40.901,13.27599,13.27882,0.00,0.00
2016.09.13 10:11:40.952,13.27608,13.27891,0.00,0.00
2016.09.13 10:11:41.382,13.27618,13.2789,0.00,0.00
2016.09.13 10:11:41.551,13.27618,13.2789,0.00,0.00
2016.09.13 10:11:41.901,13.27669,13.27891,0.00,0.00
2016.09.13 10:11:42.449,13.27669,13.27861,0.00,0.00
2016.09.13 10:11:42.503,13.27669,13.2789,0.00,0.00
2016.09.13 10:11:42.554,13.27658,13.2789,0.00,0.00
2016.09.13 10:11:42.604,13.27658,13.27871,0.00,0.00
2016.09.13 10:11:42.794,13.27618,13.27871,0.00,0.00
2016.09.13 10:11:42.845,13.27588,13.2787,0.00,0.00
2016.09.13 10:11:42.903,13.27588,13.2777,0.00,0.00
2016.09.13 10:11:42.954,13.27619,13.2777,0.00,0.00
2016.09.13 10:11:43.005,13.27619,13.27811,0.00,0.00
2016.09.13 10:11:43.116,13.27559,13.27811,0.00,0.00
2016.09.13 10:11:43.217,13.27559,13.27791,0.00,0.00
2016.09.13 10:11:43.354,13.27528,13.27791,0.00,0.00
2016.09.13 10:11:43.405,13.27528,13.2776,0.00,0.00
2016.09.13 10:11:43.691,13.27508,13.2774,0.00,0.00
2016.09.13 10:11:43.843,13.27459,13.27691,0.00,0.00
2016.09.13 10:11:43.945,13.27429,13.2762,0.00,0.00
2016.09.13 10:11:44.046,13.27409,13.27671,0.00,0.00
2016.09.13 10:11:44.147,13.27418,13.27661,0.00,0.00
2016.09.13 10:11:44.252,13.27398,13.27661,0.00,0.00
2016.09.13 10:11:44.554,13.27498,13.27661,0.00,0.00
2016.09.13 10:11:44.605,13.27498,13.27721,0.00,0.00
2016.09.13 10:11:44.656,13.27478,13.27681,0.00,0.00
2016.09.13 10:11:44.708,13.27478,13.27691,0.00,0.00
2016.09.13 10:11:44.759,13.27488,13.27691,0.00,0.00
2016.09.13 10:11:44.809,13.27488,13.27691,0.00,0.00
2016.09.13 10:11:44.860,13.27459,13.27691,0.00,0.00
2016.09.13 10:11:44.911,13.27459,13.27721,0.00,0.00
2016.09.13 10:11:44.961,13.27499,13.27721,0.00,0.00
2016.09.13 10:11:45.113,13.27499,13.2776,0.00,0.00
2016.09.13 10:11:45.164,13.27508,13.27682,0.00,0.00
2016.09.13 10:11:45.214,13.27508,13.27671,0.00,0.00
2016.09.13 10:11:45.315,13.27508,13.27682,0.00,0.00
2016.09.13 10:11:45.461,13.27468,13.27741,0.00,0.00
2016.09.13 10:11:45.512,13.27468,13.27681,0.00,0.00
2016.09.13 10:11:45.663,13.27439,13.2767,0.00,0.00
2016.09.13 10:11:45.714,13.27439,13.27641,0.00,0.00
2016.09.13 10:11:45.765,13.27418,13.27641,0.00,0.00
2016.09.13 10:11:45.866,13.27399,13.27641,0.00,0.00
2016.09.13 10:11:45.967,13.27388,13.27641,0.00,0.00
2016.09.13 10:11:46.068,13.27399,13.27641,0.00,0.00
2016.09.13 10:11:46.169,13.27389,13.2764,0.00,0.00
2016.09.13 10:11:46.320,13.27389,13.27541,0.00,0.00
2016.09.13 10:11:46.371,13.27358,13.27541,0.00,0.00
2016.09.13 10:11:46.422,13.27358,13.2753,0.00,0.00
2016.09.13 10:11:46.602,13.27309,13.2753,0.00,0.00
2016.09.13 10:11:46.659,13.27388,13.27591,0.00,0.00
2016.09.13 10:11:46.865,13.27348,13.27591,0.00,0.00
2016.09.13 10:11:46.968,13.27328,13.27591,0.00,0.00
2016.09.13 10:11:47.019,13.27328,13.27632,0.00,0.00
2016.09.13 10:11:47.070,13.27399,13.27671,0.00,0.00
2016.09.13 10:11:47.121,13.27399,13.27681,0.00,0.00
2016.09.13 10:11:47.171,13.27408,13.2771,0.00,0.00
2016.09.13 10:11:47.222,13.27409,13.27712,0.00,0.00
2016.09.13 10:11:47.273,13.27539,13.27771,0.00,0.00
2016.09.13 10:11:47.606,13.27478,13.2769,0.00,0.00
2016.09.13 10:11:47.656,13.27518,13.27771,0.00,0.00
2016.09.13 10:11:47.716,13.27518,13.2768,0.00,0.00
2016.09.13 10:11:47.818,13.27538,13.27771,0.00,0.00
2016.09.13 10:11:47.919,13.27478,13.27681,0.00,0.00
2016.09.13 10:11:48.121,13.27478,13.27721,0.00,0.00
2016.09.13 10:11:48.173,13.27499,13.27721,0.00,0.00
2016.09.13 10:11:48.375,13.27469,13.27721,0.00,0.00
2016.09.13 10:11:48.449,13.27488,13.2769,0.00,0.00
2016.09.13 10:11:48.568,13.27448,13.27681,0.00,0.00
2016.09.13 10:11:48.619,13.27448,13.27611,0.00,0.00
2016.09.13 10:11:48.670,13.27438,13.27611,0.00,0.00
2016.09.13 10:11:48.771,13.27378,13.27611,0.00,0.00
2016.09.13 10:11:48.822,13.27378,13.2758,0.00,0.00
2016.09.13 10:11:48.924,13.27389,13.2759,0.00,0.00
2016.09.13 10:11:48.974,13.27348,13.2759,0.00,0.00
2016.09.13 10:11:49.193,13.27358,13.27591,0.00,0.00
2016.09.13 10:11:49.244,13.27328,13.2759,0.00,0.00
2016.09.13 10:11:49.722,13.27328,13.27591,0.00,0.00
2016.09.13 10:11:49.935,13.27338,13.2763,0.00,0.00
2016.09.13 10:11:50.036,13.27418,13.2765,0.00,0.00
2016.09.13 10:11:50.302,13.27329,13.2758,0.00,0.00
2016.09.13 10:11:50.353,13.27278,13.2749,0.00,0.00
2016.09.13 10:11:50.422,13.27278,13.2751,0.00,0.00
2016.09.13 10:11:50.523,13.27278,13.2747,0.00,0.00
2016.09.13 10:11:50.574,13.27218,13.2747,0.00,0.00
2016.09.13 10:11:50.675,13.27229,13.27471,0.00,0.00
2016.09.13 10:11:51.110,13.27209,13.27471,0.00,0.00
2016.09.13 10:11:51.224,13.27228,13.27532,0.00,0.00
2016.09.13 10:11:51.275,13.27288,13.27582,0.00,0.00
2016.09.13 10:11:51.325,13.27288,13.2757,0.00,0.00
2016.09.13 10:11:51.426,13.27379,13.27582,0.00,0.00
2016.09.13 10:11:51.477,13.27379,13.27621,0.00,0.00
2016.09.13 10:11:51.554,13.27489,13.27782,0.00,0.00
2016.09.13 10:11:51.655,13.276,13.2789,0.00,0.00
2016.09.13 10:11:51.756,13.27749,13.27982,0.00,0.00
2016.09.13 10:11:51.858,13.27768,13.27991,0.00,0.00
2016.09.13 10:11:51.991,13.27739,13.27911,0.00,0.00
2016.09.13 10:11:52.042,13.27658,13.2791,0.00,0.00
2016.09.13 10:11:52.143,13.27688,13.27952,0.00,0.00
2016.09.13 10:11:52.244,13.27801,13.28082,0.00,0.00
2016.09.13 10:11:52.345,13.27858,13.2809,0.00,0.00
2016.09.13 10:11:52.427,13.27858,13.28131,0.00,0.00
2016.09.13 10:11:52.478,13.27888,13.28192,0.00,0.00
2016.09.13 10:11:52.579,13.27908,13.28212,0.00,0.00
2016.09.13 10:11:52.630,13.2792,13.28212,0.00,0.00
2016.09.13 10:11:52.680,13.27979,13.28281,0.00,0.00
2016.09.13 10:11:52.853,13.28088,13.28281,0.00,0.00
2016.09.13 10:11:52.904,13.28088,13.28331,0.00,0.00
2016.09.13 10:11:52.954,13.28169,13.28412,0.00,0.00
2016.09.13 10:11:53.005,13.28311,13.28412,0.00,0.00
2016.09.13 10:11:53.056,13.28311,13.28452,0.00,0.00
2016.09.13 10:11:53.111,13.2828,13.28452,0.00,0.00
2016.09.13 10:11:53.222,13.28288,13.28592,0.00,0.00
2016.09.13 10:11:53.283,13.28328,13.28632,0.00,0.00
2016.09.13 10:11:53.797,13.28299,13.28601,0.00,0.00
2016.09.13 10:11:53.847,13.28328,13.28632,0.00,0.00
2016.09.13 10:11:53.973,13.28349,13.28651,0.00,0.00
2016.09.13 10:11:54.232,13.28299,13.2858,0.00,0.00
2016.09.13 10:11:54.282,13.28268,13.28572,0.00,0.00
2016.09.13 10:11:54.486,13.28231,13.28532,0.00,0.00
2016.09.13 10:11:54.587,13.28249,13.28551,0.00,0.00
2016.09.13 10:11:55.058,13.28279,13.28581,0.00,0.00
2016.09.13 10:11:55.109,13.2828,13.28581,0.00,0.00
2016.09.13 10:11:55.160,13.28289,13.28571,0.00,0.00
2016.09.13 10:11:55.284,13.28338,13.2864,0.00,0.00
2016.09.13 10:11:55.385,13.28328,13.28632,0.00,0.00
2016.09.13 10:11:55.714,13.28268,13.28572,0.00,0.00
2016.09.13 10:11:55.765,13.28238,13.28542,0.00,0.00
2016.09.13 10:11:56.195,13.28209,13.28491,0.00,0.00
2016.09.13 10:11:56.246,13.28149,13.28451,0.00,0.00
2016.09.13 10:11:56.585,13.28139,13.28441,0.00,0.00
2016.09.13 10:11:56.636,13.28139,13.2838,0.00,0.00
2016.09.13 10:11:56.737,13.28149,13.28441,0.00,0.00
2016.09.13 10:11:56.787,13.28139,13.28441,0.00,0.00
2016.09.13 10:11:56.838,13.28139,13.2844,0.00,0.00
2016.09.13 10:11:56.889,13.28119,13.28421,0.00,0.00
2016.09.13 10:11:56.990,13.28128,13.28432,0.00,0.00
2016.09.13 10:11:57.287,13.28148,13.28452,0.00,0.00
2016.09.13 10:11:57.638,13.28138,13.28442,0.00,0.00
2016.09.13 10:11:57.985,13.28169,13.28391,0.00,0.00
2016.09.13 10:11:58.089,13.28098,13.28391,0.00,0.00
2016.09.13 10:11:58.190,13.28049,13.28351,0.00,0.00
2016.09.13 10:11:58.291,13.28078,13.28382,0.00,0.00
2016.09.13 10:11:58.991,13.28058,13.28362,0.00,0.00
2016.09.13 10:12:00.654,13.28048,13.28352,0.00,0.00
2016.09.13 10:12:01.592,13.28091,13.28361,0.00,0.00
2016.09.13 10:12:01.649,13.28099,13.28361,0.00,0.00
2016.09.13 10:12:01.700,13.28158,13.28462,0.00,0.00
2016.09.13 10:12:01.835,13.28168,13.28472,0.00,0.00
2016.09.13 10:12:02.203,13.28109,13.28411,0.00,0.00
2016.09.13 10:12:02.253,13.28128,13.28432,0.00,0.00
2016.09.13 10:12:02.682,13.28108,13.28412,0.00,0.00
2016.09.13 10:12:03.005,13.28158,13.28462,0.00,0.00
2016.09.13 10:12:03.455,13.28149,13.28451,0.00,0.00
2016.09.13 10:12:03.755,13.28158,13.28462,0.00,0.00
2016.09.13 10:12:04.059,13.28149,13.28451,0.00,0.00
2016.09.13 10:12:04.431,13.28159,13.28461,0.00,0.00
2016.09.13 10:12:05.558,13.28138,13.28442,0.00,0.00
2016.09.13 10:12:05.858,13.28128,13.28432,0.00,0.00
2016.09.13 10:12:06.459,13.28138,13.28442,0.00,0.00
2016.09.13 10:12:06.810,13.28128,13.28432,0.00,0.00
2016.09.13 10:12:07.268,13.28168,13.28472,0.00,0.00
2016.09.13 10:12:07.598,13.28128,13.28432,0.00,0.00
2016.09.13 10:12:08.164,13.28149,13.28451,0.00,0.00
2016.09.13 10:12:08.465,13.28159,13.28461,0.00,0.00
2016.09.13 10:12:08.773,13.28128,13.28432,0.00,0.00
2016.09.13 10:12:08.865,13.28158,13.28462,0.00,0.00
2016.09.13 10:12:09.017,13.2818,13.28462,0.00,0.00
2016.09.13 10:12:09.068,13.2818,13.28482,0.00,0.00
2016.09.13 10:12:09.118,13.2818,13.28482,0.00,0.00
