2011.06.06 08:00:00.296,15.43768,15.44102,0.00,0.00
2011.06.06 08:00:00.404,15.4378,15.44084,0.00,0.00
2011.06.06 08:00:01.286,15.43776,15.44084,0.00,0.00
2011.06.06 08:00:01.504,15.43778,15.44082,0.00,0.00
2011.06.06 08:00:01.614,15.43783,15.44097,0.00,0.00
2011.06.06 08:00:01.836,15.43761,15.44135,0.00,0.00
2011.06.06 08:00:01.945,15.43751,15.44135,0.00,0.00
2011.06.06 08:00:02.247,15.43774,15.44098,0.00,0.00
2011.06.06 08:00:02.615,15.43784,15.4409,0.00,0.00
2011.06.06 08:00:02.861,15.43778,15.44104,0.00,0.00
2011.06.06 08:00:03.084,15.43783,15.44117,0.00,0.00
2011.06.06 08:00:05.664,15.4381,15.4411,0.00,0.00
2011.06.06 08:00:06.246,15.4382,15.4412,0.00,0.00
2011.06.06 08:00:07.028,15.43831,15.44139,0.00,0.00
2011.06.06 08:00:07.714,15.43836,15.44136,0.00,0.00
2011.06.06 08:00:11.546,15.43813,15.44141,0.00,0.00
2011.06.06 08:00:13.580,15.43805,15.44149,0.00,0.00
2011.06.06 08:00:13.694,15.43768,15.44162,0.00,0.00
2011.06.06 08:00:13.805,15.43782,15.44126,0.00,0.00
2011.06.06 08:00:15.576,15.4378,15.44117,0.00,0.00
2011.06.06 08:00:16.683,15.43789,15.44106,0.00,0.00
2011.06.06 08:00:17.575,15.43777,15.44077,0.00,0.00
2011.06.06 08:00:21.286,15.43694,15.44076,0.00,0.00
2011.06.06 08:00:21.503,15.43687,15.44033,0.00,0.00
2011.06.06 08:00:21.724,15.43685,15.44019,0.00,0.00
2011.06.06 08:00:23.644,15.43691,15.43991,0.00,0.00
2011.06.06 08:00:31.580,15.43624,15.4404,0.00,0.00
2011.06.06 08:00:31.805,15.43683,15.4402,0.00,0.00
2011.06.06 08:00:32.900,15.43707,15.44031,0.00,0.00
2011.06.06 08:00:33.881,15.43725,15.44029,0.00,0.00
2011.06.06 08:00:35.604,15.43724,15.44048,0.00,0.00
2011.06.06 08:00:35.894,15.43705,15.44059,0.00,0.00
2011.06.06 08:00:36.114,15.43701,15.44005,0.00,0.00
2011.06.06 08:00:38.034,15.43622,15.44026,0.00,0.00
2011.06.06 08:00:46.264,15.43652,15.44,0.00,0.00
2011.06.06 08:00:46.484,15.43686,15.44014,0.00,0.00
2011.06.06 08:00:46.642,15.43705,15.44039,0.00,0.00
2011.06.06 08:00:48.175,15.43732,15.44036,0.00,0.00
2011.06.06 08:00:48.631,15.43728,15.44028,0.00,0.00
2011.06.06 08:00:50.513,15.4366,15.44057,0.00,0.00
2011.06.06 08:00:50.733,15.4369,15.43994,0.00,0.00
2011.06.06 08:00:50.844,15.43612,15.44026,0.00,0.00
2011.06.06 08:00:52.874,15.43631,15.44015,0.00,0.00
2011.06.06 08:00:53.305,15.43675,15.43989,0.00,0.00
2011.06.06 08:00:55.485,15.43652,15.43989,0.00,0.00
2011.06.06 08:01:02.704,15.43647,15.43971,0.00,0.00
2011.06.06 08:01:02.984,15.43611,15.44005,0.00,0.00
2011.06.06 08:01:13.629,15.43669,15.43969,0.00,0.00
2011.06.06 08:01:16.434,15.43653,15.43959,0.00,0.00
2011.06.06 08:01:20.635,15.43637,15.43937,0.00,0.00
2011.06.06 08:01:24.821,15.43572,15.4396,0.00,0.00
2011.06.06 08:01:26.154,15.4362,15.43924,0.00,0.00
2011.06.06 08:01:45.634,15.43628,15.43928,0.00,0.00
2011.06.06 08:01:45.854,15.43628,15.43936,0.00,0.00
2011.06.06 08:01:45.964,15.43629,15.43943,0.00,0.00
2011.06.06 08:01:46.254,15.43631,15.43958,0.00,0.00
2011.06.06 08:01:46.744,15.43655,15.43959,0.00,0.00
2011.06.06 08:01:47.680,15.43669,15.43969,0.00,0.00
2011.06.06 08:01:50.694,15.43673,15.43987,0.00,0.00
2011.06.06 08:01:51.704,15.43672,15.44006,0.00,0.00
2011.06.06 08:01:53.114,15.43666,15.4402,0.00,0.00
2011.06.06 08:01:53.445,15.437,15.44014,0.00,0.00
2011.06.06 08:01:53.664,15.43709,15.44046,0.00,0.00
2011.06.06 08:01:55.125,15.43679,15.44083,0.00,0.00
2011.06.06 08:01:55.344,15.43695,15.44061,0.00,0.00
2011.06.06 08:01:56.015,15.43694,15.44088,0.00,0.00
2011.06.06 08:01:56.615,15.43743,15.44097,0.00,0.00
2011.06.06 08:01:56.994,15.43784,15.44101,0.00,0.00
2011.06.06 08:01:57.524,15.4374,15.44142,0.00,0.00
2011.06.06 08:01:58.032,15.43761,15.44107,0.00,0.00
2011.06.06 08:01:58.365,15.43737,15.44105,0.00,0.00
2011.06.06 08:01:58.584,15.43748,15.44094,0.00,0.00
2011.06.06 08:01:59.109,15.43779,15.44087,0.00,0.00
2011.06.06 08:02:03.265,15.43787,15.44113,0.00,0.00
2011.06.06 08:02:03.374,15.4382,15.4412,0.00,0.00
2011.06.06 08:02:03.705,15.4383,15.44136,0.00,0.00
2011.06.06 08:02:03.911,15.43833,15.44159,0.00,0.00
2011.06.06 08:02:05.138,15.43863,15.44169,0.00,0.00
2011.06.06 08:02:05.245,15.43864,15.4421,0.00,0.00
2011.06.06 08:02:06.696,15.43883,15.44209,0.00,0.00
2011.06.06 08:02:07.544,15.43867,15.44225,0.00,0.00
2011.06.06 08:02:08.714,15.43833,15.44237,0.00,0.00
2011.06.06 08:02:08.825,15.43819,15.44203,0.00,0.00
2011.06.06 08:02:11.807,15.43792,15.44158,0.00,0.00
2011.06.06 08:02:12.151,15.43791,15.44119,0.00,0.00
2011.06.06 08:02:12.589,15.43808,15.44114,0.00,0.00
2011.06.06 08:02:13.424,15.43832,15.44149,0.00,0.00
2011.06.06 08:02:13.775,15.4382,15.44216,0.00,0.00
2011.06.06 08:02:13.887,15.4384,15.44215,0.00,0.00
2011.06.06 08:02:15.999,15.43822,15.4422,0.00,0.00
2011.06.06 08:02:16.215,15.43829,15.44186,0.00,0.00
2011.06.06 08:02:16.807,15.43836,15.44153,0.00,0.00
2011.06.06 08:02:19.317,15.43818,15.44142,0.00,0.00
2011.06.06 08:02:19.534,15.43786,15.44154,0.00,0.00
2011.06.06 08:02:19.925,15.43793,15.44149,0.00,0.00
2011.06.06 08:02:20.265,15.43829,15.44137,0.00,0.00
2011.06.06 08:02:20.664,15.43823,15.4416,0.00,0.00
2011.06.06 08:02:22.444,15.43828,15.44176,0.00,0.00
2011.06.06 08:02:23.104,15.43861,15.44189,0.00,0.00
2011.06.06 08:02:23.435,15.4391,15.4421,0.00,0.00
2011.06.06 08:02:23.544,15.43936,15.44242,0.00,0.00
2011.06.06 08:02:24.165,15.43961,15.44287,0.00,0.00
2011.06.06 08:02:36.737,15.44001,15.44311,0.00,0.00
2011.06.06 08:02:36.954,15.43976,15.4437,0.00,0.00
2011.06.06 08:02:37.284,15.43987,15.44381,0.00,0.00
2011.06.06 08:02:39.129,15.44017,15.44365,0.00,0.00
2011.06.06 08:02:45.167,15.44002,15.44376,0.00,0.00
2011.06.06 08:02:45.384,15.43994,15.44392,0.00,0.00
2011.06.06 08:02:48.177,15.44036,15.4437,0.00,0.00
2011.06.06 08:02:48.394,15.43997,15.44415,0.00,0.00
2011.06.06 08:02:48.552,15.44007,15.44401,0.00,0.00
2011.06.06 08:02:51.578,15.44016,15.4439,0.00,0.00
2011.06.06 08:02:52.621,15.44016,15.4437,0.00,0.00
2011.06.06 08:02:52.734,15.43983,15.44379,0.00,0.00
2011.06.06 08:02:54.260,15.43978,15.44375,0.00,0.00
2011.06.06 08:02:55.302,15.43981,15.44358,0.00,0.00
2011.06.06 08:02:57.146,15.4397,15.44354,0.00,0.00
2011.06.06 08:02:57.254,15.43963,15.44327,0.00,0.00
2011.06.06 08:02:58.545,15.43905,15.44311,0.00,0.00
2011.06.06 08:02:58.655,15.439,15.44234,0.00,0.00
2011.06.06 08:02:58.978,15.43881,15.44215,0.00,0.00
2011.06.06 08:02:59.195,15.43885,15.44199,0.00,0.00
2011.06.06 08:02:59.415,15.43878,15.44222,0.00,0.00
2011.06.06 08:02:59.666,15.43876,15.4425,0.00,0.00
2011.06.06 08:03:00.325,15.43912,15.4423,0.00,0.00
2011.06.06 08:03:00.679,15.43881,15.44247,0.00,0.00
2011.06.06 08:03:01.444,15.43864,15.44238,0.00,0.00
2011.06.06 08:03:01.554,15.43884,15.44188,0.00,0.00
2011.06.06 08:03:02.454,15.43875,15.44181,0.00,0.00
2011.06.06 08:03:02.855,15.43867,15.44181,0.00,0.00
2011.06.06 08:03:03.265,15.4388,15.4418,0.00,0.00
2011.06.06 08:03:03.375,15.43883,15.44199,0.00,0.00
2011.06.06 08:03:03.960,15.43888,15.44225,0.00,0.00
2011.06.06 08:03:04.075,15.43923,15.44223,0.00,0.00
2011.06.06 08:03:04.424,15.43932,15.44238,0.00,0.00
2011.06.06 08:03:04.644,15.43928,15.44264,0.00,0.00
2011.06.06 08:03:04.841,15.43918,15.44274,0.00,0.00
2011.06.06 08:03:05.504,15.43922,15.44239,0.00,0.00
2011.06.06 08:03:05.954,15.43875,15.44249,0.00,0.00
2011.06.06 08:03:06.175,15.43879,15.44213,0.00,0.00
2011.06.06 08:03:06.504,15.43884,15.44198,0.00,0.00
2011.06.06 08:03:06.835,15.4387,15.44214,0.00,0.00
2011.06.06 08:03:07.571,15.43862,15.442,0.00,0.00
2011.06.06 08:03:09.320,15.43863,15.44163,0.00,0.00
2011.06.06 08:03:09.435,15.43836,15.44162,0.00,0.00
2011.06.06 08:03:09.545,15.43824,15.44152,0.00,0.00
2011.06.06 08:03:10.094,15.43821,15.44125,0.00,0.00
2011.06.06 08:03:11.400,15.43814,15.44114,0.00,0.00
2011.06.06 08:03:12.051,15.43809,15.44113,0.00,0.00
2011.06.06 08:03:12.165,15.43771,15.44125,0.00,0.00
2011.06.06 08:03:12.274,15.43788,15.44092,0.00,0.00
2011.06.06 08:03:12.494,15.43781,15.44109,0.00,0.00
2011.06.06 08:03:13.186,15.43769,15.44127,0.00,0.00
2011.06.06 08:03:13.342,15.43809,15.44115,0.00,0.00
2011.06.06 08:03:13.753,15.43836,15.44136,0.00,0.00
2011.06.06 08:03:13.867,15.4385,15.44154,0.00,0.00
2011.06.06 08:03:14.856,15.43852,15.44176,0.00,0.00
2011.06.06 08:03:20.189,15.43852,15.44196,0.00,0.00
2011.06.06 08:03:24.080,15.43841,15.44216,0.00,0.00
2011.06.06 08:03:24.304,15.43845,15.44189,0.00,0.00
2011.06.06 08:03:27.161,15.43797,15.44165,0.00,0.00
2011.06.06 08:03:27.535,15.43771,15.44119,0.00,0.00
2011.06.06 08:03:31.450,15.43789,15.44095,0.00,0.00
2011.06.06 08:03:31.564,15.43788,15.44114,0.00,0.00
2011.06.06 08:03:31.675,15.43806,15.44106,0.00,0.00
2011.06.06 08:03:32.018,15.438,15.44106,0.00,0.00
2011.06.06 08:03:33.578,15.43802,15.44102,0.00,0.00
2011.06.06 08:03:36.289,15.43783,15.44091,0.00,0.00
2011.06.06 08:03:36.394,15.43766,15.4408,0.00,0.00
2011.06.06 08:03:36.565,15.43741,15.44078,0.00,0.00
2011.06.06 08:03:36.892,15.43746,15.44074,0.00,0.00
2011.06.06 08:03:38.094,15.43769,15.44073,0.00,0.00
2011.06.06 08:03:38.249,15.4378,15.44086,0.00,0.00
2011.06.06 08:03:38.354,15.43786,15.44103,0.00,0.00
2011.06.06 08:03:41.301,15.43798,15.44102,0.00,0.00
2011.06.06 08:03:41.886,15.43782,15.44099,0.00,0.00
2011.06.06 08:03:42.364,15.43784,15.44084,0.00,0.00
2011.06.06 08:03:42.474,15.43795,15.44095,0.00,0.00
2011.06.06 08:03:42.695,15.438,15.441,0.00,0.00
2011.06.06 08:03:42.806,15.43786,15.441,0.00,0.00
2011.06.06 08:03:43.172,15.43777,15.44111,0.00,0.00
2011.06.06 08:03:44.355,15.4376,15.44124,0.00,0.00
2011.06.06 08:03:44.574,15.43776,15.4409,0.00,0.00
2011.06.06 08:03:44.912,15.4376,15.44118,0.00,0.00
2011.06.06 08:03:45.578,15.43798,15.44098,0.00,0.00
2011.06.06 08:03:50.035,15.43791,15.44099,0.00,0.00
2011.06.06 08:03:50.812,15.43776,15.44113,0.00,0.00
2011.06.06 08:03:50.925,15.43764,15.44108,0.00,0.00
2011.06.06 08:03:51.035,15.43759,15.44063,0.00,0.00
2011.06.06 08:03:58.844,15.43719,15.44033,0.00,0.00
2011.06.06 08:03:59.064,15.43674,15.44042,0.00,0.00
2011.06.06 08:04:01.252,15.43714,15.44014,0.00,0.00
2011.06.06 08:04:01.364,15.43715,15.44015,0.00,0.00
2011.06.06 08:04:02.876,15.43707,15.44044,0.00,0.00
2011.06.06 08:04:03.578,15.43737,15.44037,0.00,0.00
2011.06.06 08:04:05.392,15.43712,15.44068,0.00,0.00
2011.06.06 08:04:14.504,15.43733,15.44047,0.00,0.00
2011.06.06 08:04:14.641,15.43686,15.44054,0.00,0.00
2011.06.06 08:04:15.902,15.43673,15.44039,0.00,0.00
2011.06.06 08:04:16.126,15.43684,15.43988,0.00,0.00
2011.06.06 08:04:16.236,15.43624,15.44008,0.00,0.00
2011.06.06 08:04:17.781,15.43633,15.44027,0.00,0.00
2011.06.06 08:04:18.006,15.43692,15.43996,0.00,0.00
2011.06.06 08:04:18.425,15.43672,15.43998,0.00,0.00
2011.06.06 08:04:19.566,15.43686,15.43986,0.00,0.00
2011.06.06 08:04:22.396,15.43697,15.44025,0.00,0.00
2011.06.06 08:04:23.617,15.43729,15.44029,0.00,0.00
2011.06.06 08:04:25.245,15.43698,15.44056,0.00,0.00
2011.06.06 08:04:26.185,15.43714,15.44042,0.00,0.00
2011.06.06 08:04:27.114,15.43696,15.44052,0.00,0.00
2011.06.06 08:04:28.029,15.43704,15.4403,0.00,0.00
2011.06.06 08:04:32.927,15.43668,15.44055,0.00,0.00
2011.06.06 08:04:33.775,15.43715,15.44039,0.00,0.00
2011.06.06 08:04:33.884,15.43732,15.44048,0.00,0.00
2011.06.06 08:04:34.782,15.43733,15.4407,0.00,0.00
2011.06.06 08:04:35.730,15.43756,15.4406,0.00,0.00
2011.06.06 08:04:36.650,15.43737,15.44073,0.00,0.00
2011.06.06 08:04:37.786,15.43736,15.44082,0.00,0.00
2011.06.06 08:04:38.572,15.43738,15.44106,0.00,0.00
2011.06.06 08:04:38.684,15.43785,15.44102,0.00,0.00
2011.06.06 08:04:38.795,15.43772,15.4416,0.00,0.00
2011.06.06 08:04:39.436,15.43799,15.44136,0.00,0.00
2011.06.06 08:04:39.774,15.43764,15.44139,0.00,0.00
2011.06.06 08:04:42.074,15.43782,15.44099,0.00,0.00
2011.06.06 08:04:42.866,15.43765,15.44089,0.00,0.00
2011.06.06 08:04:42.975,15.43732,15.44089,0.00,0.00
2011.06.06 08:04:43.434,15.43744,15.44061,0.00,0.00
2011.06.06 08:04:48.454,15.43724,15.4407,0.00,0.00
2011.06.06 08:04:50.250,15.43732,15.44049,0.00,0.00
2011.06.06 08:04:50.364,15.43729,15.44053,0.00,0.00
2011.06.06 08:04:51.865,15.43743,15.4406,0.00,0.00
2011.06.06 08:04:53.676,15.43761,15.44061,0.00,0.00
2011.06.06 08:04:53.784,15.43745,15.44099,0.00,0.00
2011.06.06 08:04:55.329,15.43779,15.44107,0.00,0.00
2011.06.06 08:05:01.979,15.43804,15.44104,0.00,0.00
2011.06.06 08:05:02.194,15.43775,15.44119,0.00,0.00
2011.06.06 08:05:02.824,15.43776,15.441,0.00,0.00
2011.06.06 08:05:02.936,15.43766,15.44083,0.00,0.00
2011.06.06 08:05:03.434,15.43735,15.44089,0.00,0.00
2011.06.06 08:05:03.544,15.43727,15.44073,0.00,0.00
2011.06.06 08:05:05.440,15.43709,15.44046,0.00,0.00
2011.06.06 08:05:05.839,15.4369,15.44004,0.00,0.00
2011.06.06 08:05:06.055,15.43666,15.4398,0.00,0.00
2011.06.06 08:05:06.201,15.43637,15.43965,0.00,0.00
2011.06.06 08:05:18.091,15.43645,15.43945,0.00,0.00
2011.06.06 08:05:18.950,15.43644,15.43972,0.00,0.00
2011.06.06 08:05:24.929,15.43655,15.43999,0.00,0.00
2011.06.06 08:05:25.693,15.43676,15.4399,0.00,0.00
2011.06.06 08:05:27.745,15.43662,15.44006,0.00,0.00
2011.06.06 08:05:27.864,15.43681,15.43985,0.00,0.00
2011.06.06 08:05:30.317,15.43687,15.43993,0.00,0.00
2011.06.06 08:05:30.424,15.43672,15.4402,0.00,0.00
2011.06.06 08:05:30.534,15.43661,15.44015,0.00,0.00
2011.06.06 08:05:30.644,15.43656,15.4397,0.00,0.00
2011.06.06 08:05:33.655,15.43597,15.43975,0.00,0.00
2011.06.06 08:05:35.319,15.43598,15.43954,0.00,0.00
2011.06.06 08:05:35.425,15.43622,15.43936,0.00,0.00
2011.06.06 08:05:39.349,15.43606,15.4395,0.00,0.00
2011.06.06 08:05:39.884,15.43611,15.43947,0.00,0.00
2011.06.06 08:05:40.536,15.4363,15.4393,0.00,0.00
2011.06.06 08:05:51.528,15.43582,15.4393,0.00,0.00
2011.06.06 08:05:55.564,15.43558,15.43926,0.00,0.00
2011.06.06 08:05:55.675,15.4357,15.4387,0.00,0.00
2011.06.06 08:05:56.115,15.43524,15.43824,0.00,0.00
2011.06.06 08:05:59.504,15.4345,15.43846,0.00,0.00
2011.06.06 08:06:01.505,15.43471,15.43847,0.00,0.00
2011.06.06 08:06:18.308,15.43522,15.43822,0.00,0.00
2011.06.06 08:06:37.069,15.43441,15.43865,0.00,0.00
2011.06.06 08:06:38.075,15.43448,15.43825,0.00,0.00
2011.06.06 08:06:38.426,15.43443,15.4384,0.00,0.00
2011.06.06 08:06:46.832,15.43457,15.43881,0.00,0.00
2011.06.06 08:06:56.723,15.43555,15.43859,0.00,0.00
2011.06.06 08:06:59.490,15.43556,15.4389,0.00,0.00
2011.06.06 08:06:59.715,15.43561,15.43875,0.00,0.00
2011.06.06 08:07:00.637,15.43555,15.43881,0.00,0.00
2011.06.06 08:07:00.792,15.43565,15.43889,0.00,0.00
2011.06.06 08:07:01.448,15.43556,15.439,0.00,0.00
2011.06.06 08:07:19.655,15.43569,15.43906,0.00,0.00
2011.06.06 08:07:21.589,15.43615,15.43915,0.00,0.00
2011.06.06 08:07:25.725,15.43615,15.43959,0.00,0.00
2011.06.06 08:07:25.836,15.43642,15.4398,0.00,0.00
2011.06.06 08:07:27.096,15.4368,15.43997,0.00,0.00
2011.06.06 08:07:29.135,15.43707,15.44011,0.00,0.00
2011.06.06 08:07:29.315,15.43713,15.44017,0.00,0.00
2011.06.06 08:07:29.425,15.43711,15.44037,0.00,0.00
2011.06.06 08:07:33.736,15.43724,15.44024,0.00,0.00
2011.06.06 08:07:34.055,15.43676,15.4401,0.00,0.00
2011.06.06 08:07:34.165,15.43657,15.43995,0.00,0.00
2011.06.06 08:07:34.384,15.43675,15.43989,0.00,0.00
2011.06.06 08:07:39.191,15.43691,15.43999,0.00,0.00
2011.06.06 08:07:41.569,15.43714,15.44014,0.00,0.00
2011.06.06 08:07:45.145,15.43723,15.44023,0.00,0.00
2011.06.06 08:07:45.255,15.43736,15.44036,0.00,0.00
2011.06.06 08:07:47.618,15.43751,15.44051,0.00,0.00
2011.06.06 08:07:52.729,15.43765,15.44073,0.00,0.00
2011.06.06 08:08:00.491,15.43785,15.44085,0.00,0.00
2011.06.06 08:08:00.819,15.43766,15.4407,0.00,0.00
2011.06.06 08:08:05.195,15.43702,15.44056,0.00,0.00
2011.06.06 08:08:05.415,15.43684,15.43984,0.00,0.00
2011.06.06 08:08:06.485,15.43603,15.44007,0.00,0.00
2011.06.06 08:08:07.876,15.43602,15.4399,0.00,0.00
2011.06.06 08:08:08.102,15.43608,15.43976,0.00,0.00
2011.06.06 08:08:16.569,15.43587,15.43975,0.00,0.00
2011.06.06 08:08:19.390,15.43599,15.43967,0.00,0.00
2011.06.06 08:08:22.471,15.43628,15.43965,0.00,0.00
2011.06.06 08:08:28.025,15.4365,15.43954,0.00,0.00
2011.06.06 08:08:31.845,15.43635,15.43959,0.00,0.00
2011.06.06 08:08:34.288,15.43635,15.43979,0.00,0.00
2011.06.06 08:08:36.627,15.43672,15.43976,0.00,0.00
2011.06.06 08:08:37.108,15.43667,15.44011,0.00,0.00
2011.06.06 08:08:37.325,15.43684,15.4402,0.00,0.00
2011.06.06 08:08:37.436,15.43682,15.4405,0.00,0.00
2011.06.06 08:08:38.525,15.43718,15.44036,0.00,0.00
2011.06.06 08:08:38.635,15.4369,15.44078,0.00,0.00
2011.06.06 08:08:38.746,15.4373,15.44054,0.00,0.00
2011.06.06 08:08:39.599,15.43745,15.44059,0.00,0.00
2011.06.06 08:08:39.706,15.43768,15.44076,0.00,0.00
2011.06.06 08:08:39.927,15.43782,15.4409,0.00,0.00
2011.06.06 08:08:41.688,15.43781,15.44127,0.00,0.00
2011.06.06 08:08:45.687,15.43817,15.44121,0.00,0.00
2011.06.06 08:08:46.189,15.43822,15.4413,0.00,0.00
2011.06.06 08:08:48.064,15.43829,15.44133,0.00,0.00
2011.06.06 08:08:51.078,15.4385,15.44158,0.00,0.00
2011.06.06 08:08:51.186,15.4388,15.44235,0.00,0.00
2011.06.06 08:08:51.297,15.43963,15.44263,0.00,0.00
2011.06.06 08:08:51.406,15.43981,15.44301,0.00,0.00
2011.06.06 08:08:51.628,15.43986,15.44323,0.00,0.00
2011.06.06 08:08:51.883,15.44014,15.44324,0.00,0.00
2011.06.06 08:08:52.358,15.44019,15.44347,0.00,0.00
2011.06.06 08:08:55.198,15.44028,15.44376,0.00,0.00
2011.06.06 08:08:56.500,15.44075,15.44375,0.00,0.00
2011.06.06 08:08:56.765,15.44079,15.44407,0.00,0.00
2011.06.06 08:08:56.879,15.44087,15.44387,0.00,0.00
2011.06.06 08:08:57.096,15.44038,15.44382,0.00,0.00
2011.06.06 08:08:57.525,15.44042,15.44356,0.00,0.00
2011.06.06 08:08:58.206,15.44035,15.44379,0.00,0.00
2011.06.06 08:09:00.398,15.44063,15.44369,0.00,0.00
2011.06.06 08:09:01.191,15.4404,15.44354,0.00,0.00
2011.06.06 08:09:01.699,15.43999,15.44327,0.00,0.00
2011.06.06 08:09:03.015,15.43989,15.44297,0.00,0.00
2011.06.06 08:09:03.227,15.43977,15.44283,0.00,0.00
2011.06.06 08:09:03.462,15.43969,15.44269,0.00,0.00
2011.06.06 08:09:03.685,15.43947,15.44284,0.00,0.00
2011.06.06 08:09:03.795,15.43951,15.44275,0.00,0.00
2011.06.06 08:09:04.475,15.43937,15.44263,0.00,0.00
2011.06.06 08:09:05.541,15.43951,15.44251,0.00,0.00
2011.06.06 08:09:07.839,15.43957,15.44257,0.00,0.00
2011.06.06 08:09:10.101,15.43947,15.44247,0.00,0.00
2011.06.06 08:09:10.426,15.43927,15.44244,0.00,0.00
2011.06.06 08:09:11.665,15.43922,15.44226,0.00,0.00
2011.06.06 08:09:13.358,15.43904,15.44241,0.00,0.00
2011.06.06 08:09:13.685,15.4393,15.44254,0.00,0.00
2011.06.06 08:09:16.089,15.43963,15.44263,0.00,0.00
2011.06.06 08:09:16.196,15.43948,15.44282,0.00,0.00
2011.06.06 08:09:16.475,15.43954,15.44271,0.00,0.00
2011.06.06 08:09:18.516,15.4398,15.4428,0.00,0.00
2011.06.06 08:09:21.687,15.43995,15.44295,0.00,0.00
2011.06.06 08:09:22.795,15.43986,15.44303,0.00,0.00
2011.06.06 08:09:23.658,15.43991,15.44308,0.00,0.00
2011.06.06 08:09:23.765,15.43991,15.44347,0.00,0.00
2011.06.06 08:09:25.616,15.44059,15.44373,0.00,0.00
2011.06.06 08:09:34.658,15.44119,15.44419,0.00,0.00
2011.06.06 08:09:35.878,15.44136,15.44453,0.00,0.00
2011.06.06 08:09:35.986,15.44134,15.44452,0.00,0.00
2011.06.06 08:09:38.545,15.44134,15.44434,0.00,0.00
2011.06.06 08:09:40.527,15.44138,15.44438,0.00,0.00
2011.06.06 08:09:40.708,15.44133,15.4445,0.00,0.00
2011.06.06 08:09:53.566,15.44145,15.44445,0.00,0.00
2011.06.06 08:09:55.987,15.44149,15.44463,0.00,0.00
2011.06.06 08:09:56.095,15.44147,15.44453,0.00,0.00
2011.06.06 08:10:02.620,15.44148,15.44448,0.00,0.00
2011.06.06 08:10:05.605,15.4416,15.44466,0.00,0.00
2011.06.06 08:10:08.766,15.44174,15.44478,0.00,0.00
2011.06.06 08:10:08.876,15.44159,15.44507,0.00,0.00
2011.06.06 08:10:08.985,15.44143,15.44529,0.00,0.00
2011.06.06 08:10:09.879,15.44172,15.44518,0.00,0.00
2011.06.06 08:10:13.865,15.44175,15.44529,0.00,0.00
2011.06.06 08:10:14.465,15.44198,15.44512,0.00,0.00
2011.06.06 08:10:14.905,15.44164,15.44538,0.00,0.00
2011.06.06 08:10:16.495,15.44181,15.44529,0.00,0.00
2011.06.06 08:10:16.605,15.44166,15.44532,0.00,0.00
2011.06.06 08:10:17.845,15.44149,15.44495,0.00,0.00
2011.06.06 08:10:18.886,15.44125,15.44473,0.00,0.00
2011.06.06 08:10:24.476,15.44137,15.44441,0.00,0.00
2011.06.06 08:10:24.586,15.44045,15.44485,0.00,0.00
2011.06.06 08:10:24.696,15.44082,15.44426,0.00,0.00
2011.06.06 08:10:27.154,15.44087,15.44424,0.00,0.00
2011.06.06 08:10:27.266,15.44081,15.44449,0.00,0.00
2011.06.06 08:10:29.649,15.44103,15.44427,0.00,0.00
2011.06.06 08:10:31.762,15.44083,15.4442,0.00,0.00
2011.06.06 08:10:34.785,15.44066,15.44402,0.00,0.00
2011.06.06 08:10:34.898,15.44043,15.44391,0.00,0.00
2011.06.06 08:10:35.597,15.44054,15.44354,0.00,0.00
2011.06.06 08:10:37.112,15.43986,15.44374,0.00,0.00
2011.06.06 08:10:37.335,15.4399,15.44338,0.00,0.00
2011.06.06 08:10:39.918,15.44013,15.44339,0.00,0.00
2011.06.06 08:10:41.567,15.44063,15.44363,0.00,0.00
2011.06.06 08:10:43.607,15.44087,15.44387,0.00,0.00
2011.06.06 08:10:44.288,15.44075,15.44392,0.00,0.00
2011.06.06 08:10:50.545,15.44082,15.44382,0.00,0.00
2011.06.06 08:10:52.999,15.44092,15.444,0.00,0.00
2011.06.06 08:11:03.058,15.44116,15.44416,0.00,0.00
2011.06.06 08:11:03.167,15.44132,15.44432,0.00,0.00
2011.06.06 08:11:05.650,15.44137,15.44437,0.00,0.00
2011.06.06 08:11:08.795,15.44105,15.44409,0.00,0.00
2011.06.06 08:11:08.905,15.44046,15.44392,0.00,0.00
2011.06.06 08:11:10.147,15.44039,15.44363,0.00,0.00
2011.06.06 08:11:10.825,15.44037,15.44363,0.00,0.00
2011.06.06 08:11:11.045,15.44021,15.44377,0.00,0.00
2011.06.06 08:11:11.398,15.44029,15.44357,0.00,0.00
2011.06.06 08:11:12.058,15.44034,15.44342,0.00,0.00
2011.06.06 08:11:12.296,15.44021,15.44355,0.00,0.00
2011.06.06 08:11:13.625,15.44033,15.44347,0.00,0.00
2011.06.06 08:11:14.888,15.44024,15.44378,0.00,0.00
2011.06.06 08:11:15.215,15.44027,15.44401,0.00,0.00
2011.06.06 08:11:15.465,15.4407,15.44387,0.00,0.00
2011.06.06 08:11:23.457,15.4408,15.44404,0.00,0.00
2011.06.06 08:11:23.565,15.44056,15.4444,0.00,0.00
2011.06.06 08:11:23.675,15.44024,15.44452,0.00,0.00
2011.06.06 08:11:23.785,15.44032,15.4442,0.00,0.00
2011.06.06 08:11:24.157,15.44038,15.44404,0.00,0.00
2011.06.06 08:11:25.577,15.44026,15.44414,0.00,0.00
2011.06.06 08:11:25.796,15.44016,15.4441,0.00,0.00
2011.06.06 08:11:25.906,15.44023,15.44377,0.00,0.00
2011.06.06 08:11:27.785,15.44015,15.44349,0.00,0.00
2011.06.06 08:11:30.478,15.44009,15.44346,0.00,0.00
2011.06.06 08:11:32.195,15.4403,15.44354,0.00,0.00
2011.06.06 08:11:34.578,15.44065,15.44365,0.00,0.00
2011.06.06 08:11:47.195,15.44086,15.4439,0.00,0.00
2011.06.06 08:11:47.305,15.44067,15.44455,0.00,0.00
2011.06.06 08:11:49.809,15.44075,15.44472,0.00,0.00
2011.06.06 08:11:50.248,15.44091,15.44475,0.00,0.00
2011.06.06 08:11:50.577,15.44124,15.4445,0.00,0.00
2011.06.06 08:11:50.958,15.44085,15.44493,0.00,0.00
2011.06.06 08:11:51.329,15.44105,15.44489,0.00,0.00
2011.06.06 08:11:55.588,15.44136,15.4451,0.00,0.00
2011.06.06 08:11:56.724,15.44214,15.44514,0.00,0.00
2011.06.06 08:11:56.836,15.44218,15.44566,0.00,0.00
2011.06.06 08:11:57.055,15.44233,15.44589,0.00,0.00
2011.06.06 08:11:57.164,15.44234,15.4463,0.00,0.00
2011.06.06 08:11:59.775,15.44262,15.4463,0.00,0.00
2011.06.06 08:12:00.746,15.44271,15.44617,0.00,0.00
2011.06.06 08:12:01.764,15.44243,15.44639,0.00,0.00
2011.06.06 08:12:01.875,15.44263,15.44617,0.00,0.00
2011.06.06 08:12:05.466,15.44265,15.44589,0.00,0.00
2011.06.06 08:12:05.577,15.44217,15.44583,0.00,0.00
2011.06.06 08:12:06.265,15.44203,15.44521,0.00,0.00
2011.06.06 08:12:06.485,15.44137,15.44533,0.00,0.00
2011.06.06 08:12:07.685,15.44138,15.44512,0.00,0.00
2011.06.06 08:12:15.767,15.44124,15.44538,0.00,0.00
2011.06.06 08:12:16.297,15.44138,15.44532,0.00,0.00
2011.06.06 08:12:17.830,15.44131,15.44535,0.00,0.00
2011.06.06 08:12:18.067,15.44121,15.44535,0.00,0.00
2011.06.06 08:12:18.176,15.44122,15.44519,0.00,0.00
2011.06.06 08:12:18.494,15.44133,15.44507,0.00,0.00
2011.06.06 08:12:22.955,15.44128,15.44504,0.00,0.00
2011.06.06 08:12:27.045,15.44133,15.44461,0.00,0.00
2011.06.06 08:12:27.155,15.4408,15.44464,0.00,0.00
2011.06.06 08:12:27.265,15.44079,15.44427,0.00,0.00
2011.06.06 08:12:27.730,15.44082,15.44406,0.00,0.00
2011.06.06 08:12:28.816,15.44076,15.4441,0.00,0.00
2011.06.06 08:12:29.847,15.44072,15.4442,0.00,0.00
2011.06.06 08:12:33.179,15.44077,15.44431,0.00,0.00
2011.06.06 08:12:33.573,15.44071,15.44455,0.00,0.00
2011.06.06 08:12:38.815,15.44089,15.44466,0.00,0.00
2011.06.06 08:12:39.036,15.44081,15.44505,0.00,0.00
2011.06.06 08:12:40.627,15.44109,15.44493,0.00,0.00
2011.06.06 08:12:44.105,15.4412,15.44474,0.00,0.00
2011.06.06 08:12:46.442,15.44133,15.44457,0.00,0.00
2011.06.06 08:12:49.396,15.44124,15.44478,0.00,0.00
2011.06.06 08:12:49.615,15.44122,15.44496,0.00,0.00
2011.06.06 08:12:50.417,15.44134,15.445,0.00,0.00
2011.06.06 08:12:50.637,15.44128,15.44524,0.00,0.00
2011.06.06 08:12:50.798,15.44141,15.44535,0.00,0.00
2011.06.06 08:12:53.299,15.44148,15.44552,0.00,0.00
2011.06.06 08:12:53.406,15.44166,15.44542,0.00,0.00
2011.06.06 08:12:54.255,15.44186,15.44512,0.00,0.00
2011.06.06 08:12:54.715,15.44186,15.4452,0.00,0.00
2011.06.06 08:12:55.577,15.44212,15.44512,0.00,0.00
2011.06.06 08:12:56.225,15.44196,15.44553,0.00,0.00
2011.06.06 08:12:56.887,15.44178,15.44604,0.00,0.00
2011.06.06 08:12:56.996,15.44201,15.44585,0.00,0.00
2011.06.06 08:12:57.420,15.44214,15.44538,0.00,0.00
2011.06.06 08:12:57.947,15.44193,15.44519,0.00,0.00
2011.06.06 08:12:58.055,15.44181,15.44515,0.00,0.00
2011.06.06 08:13:03.620,15.4419,15.44516,0.00,0.00
2011.06.06 08:13:03.725,15.44184,15.44552,0.00,0.00
2011.06.06 08:13:05.587,15.44221,15.44545,0.00,0.00
2011.06.06 08:13:07.347,15.44201,15.44565,0.00,0.00
2011.06.06 08:13:07.565,15.44206,15.4452,0.00,0.00
2011.06.06 08:13:08.339,15.44161,15.44545,0.00,0.00
2011.06.06 08:13:11.695,15.442,15.44522,0.00,0.00
2011.06.06 08:13:17.088,15.44169,15.44541,0.00,0.00
2011.06.06 08:13:24.177,15.44146,15.44548,0.00,0.00
2011.06.06 08:13:24.286,15.44143,15.44537,0.00,0.00
2011.06.06 08:13:28.517,15.4414,15.44524,0.00,0.00
2011.06.06 08:13:29.148,15.44123,15.44517,0.00,0.00
2011.06.06 08:13:29.625,15.44099,15.44503,0.00,0.00
2011.06.06 08:13:29.736,15.44089,15.44475,0.00,0.00
2011.06.06 08:13:29.845,15.44079,15.44467,0.00,0.00
2011.06.06 08:13:29.956,15.4409,15.44456,0.00,0.00
2011.06.06 08:13:30.645,15.44084,15.44478,0.00,0.00
2011.06.06 08:13:36.255,15.44106,15.4448,0.00,0.00
2011.06.06 08:13:36.365,15.441,15.44504,0.00,0.00
2011.06.06 08:13:38.612,15.44114,15.44498,0.00,0.00
2011.06.06 08:14:07.016,15.44097,15.44501,0.00,0.00
2011.06.06 08:14:10.149,15.44103,15.44471,0.00,0.00
2011.06.06 08:14:10.366,15.44074,15.44472,0.00,0.00
2011.06.06 08:14:10.476,15.44043,15.44469,0.00,0.00
2011.06.06 08:14:10.586,15.44047,15.44441,0.00,0.00
2011.06.06 08:14:12.356,15.44035,15.44441,0.00,0.00
2011.06.06 08:14:14.657,15.44041,15.44437,0.00,0.00
2011.06.06 08:14:20.359,15.44077,15.44423,0.00,0.00
2011.06.06 08:14:20.466,15.4408,15.44437,0.00,0.00
2011.06.06 08:14:20.699,15.4408,15.44458,0.00,0.00
2011.06.06 08:14:22.685,15.44097,15.44457,0.00,0.00
2011.06.06 08:14:22.797,15.44093,15.44473,0.00,0.00
2011.06.06 08:14:22.905,15.44075,15.44491,0.00,0.00
2011.06.06 08:14:23.446,15.4409,15.44477,0.00,0.00
2011.06.06 08:14:26.646,15.44111,15.44455,0.00,0.00
2011.06.06 08:14:39.876,15.44112,15.44426,0.00,0.00
2011.06.06 08:14:41.317,15.44051,15.44445,0.00,0.00
2011.06.06 08:14:45.595,15.44042,15.44426,0.00,0.00
2011.06.06 08:14:47.465,15.44025,15.44419,0.00,0.00
2011.06.06 08:14:47.573,15.44002,15.44426,0.00,0.00
2011.06.06 08:14:48.047,15.44012,15.44416,0.00,0.00
2011.06.06 08:14:48.266,15.44007,15.44415,0.00,0.00
2011.06.06 08:14:48.597,15.44012,15.44396,0.00,0.00
2011.06.06 08:14:49.447,15.43983,15.4441,0.00,0.00
2011.06.06 08:14:49.672,15.43985,15.44399,0.00,0.00
2011.06.06 08:14:50.109,15.43997,15.44385,0.00,0.00
2011.06.06 08:14:50.547,15.44016,15.44374,0.00,0.00
2011.06.06 08:14:50.656,15.43996,15.44403,0.00,0.00
2011.06.06 08:14:50.767,15.44007,15.44401,0.00,0.00
2011.06.06 08:14:51.180,15.44028,15.44372,0.00,0.00
2011.06.06 08:14:53.309,15.44037,15.44374,0.00,0.00
2011.06.06 08:14:53.636,15.44049,15.44405,0.00,0.00
2011.06.06 08:14:54.076,15.44075,15.44441,0.00,0.00
2011.06.06 08:14:55.296,15.44125,15.44441,0.00,0.00
2011.06.06 08:14:55.405,15.4411,15.44476,0.00,0.00
2011.06.06 08:14:55.956,15.44097,15.44477,0.00,0.00
2011.06.06 08:14:57.618,15.44077,15.44475,0.00,0.00
2011.06.06 08:14:57.838,15.44079,15.44447,0.00,0.00
2011.06.06 08:14:58.407,15.44076,15.44424,0.00,0.00
2011.06.06 08:14:58.848,15.44043,15.44447,0.00,0.00
2011.06.06 08:14:59.290,15.44079,15.44425,0.00,0.00
2011.06.06 08:15:00.566,15.44067,15.44443,0.00,0.00
2011.06.06 08:15:03.976,15.44069,15.44417,0.00,0.00
2011.06.06 08:15:04.085,15.44035,15.44423,0.00,0.00
2011.06.06 08:15:04.305,15.4401,15.44408,0.00,0.00
2011.06.06 08:15:04.746,15.43999,15.44387,0.00,0.00
2011.06.06 08:15:05.136,15.44005,15.44381,0.00,0.00
2011.06.06 08:15:06.186,15.44035,15.44372,0.00,0.00
2011.06.06 08:15:06.625,15.44017,15.44401,0.00,0.00
2011.06.06 08:15:07.767,15.44026,15.4437,0.00,0.00
2011.06.06 08:15:08.637,15.43989,15.44383,0.00,0.00
2011.06.06 08:15:08.745,15.43985,15.44373,0.00,0.00
2011.06.06 08:15:09.297,15.43976,15.4436,0.00,0.00
2011.06.06 08:15:10.587,15.43983,15.44327,0.00,0.00
2011.06.06 08:15:12.589,15.43955,15.44329,0.00,0.00
2011.06.06 08:15:16.765,15.43933,15.44329,0.00,0.00
2011.06.06 08:15:16.875,15.43925,15.44321,0.00,0.00
2011.06.06 08:15:17.293,15.43918,15.44334,0.00,0.00
2011.06.06 08:15:17.405,15.43957,15.44315,0.00,0.00
2011.06.06 08:15:17.517,15.43962,15.44326,0.00,0.00
2011.06.06 08:15:18.248,15.43974,15.44318,0.00,0.00
2011.06.06 08:15:19.267,15.43954,15.44328,0.00,0.00
2011.06.06 08:15:19.377,15.4395,15.44318,0.00,0.00
2011.06.06 08:15:19.596,15.43928,15.44314,0.00,0.00
2011.06.06 08:15:20.676,15.43938,15.44282,0.00,0.00
2011.06.06 08:15:21.805,15.43924,15.44288,0.00,0.00
2011.06.06 08:15:24.056,15.43945,15.44279,0.00,0.00
2011.06.06 08:15:26.046,15.43965,15.44269,0.00,0.00
2011.06.06 08:15:29.577,15.43957,15.44281,0.00,0.00
2011.06.06 08:15:32.788,15.43967,15.44271,0.00,0.00
2011.06.06 08:15:34.286,15.4395,15.44274,0.00,0.00
2011.06.06 08:15:40.727,15.43925,15.44269,0.00,0.00
2011.06.06 08:15:42.437,15.43873,15.44269,0.00,0.00
2011.06.06 08:15:42.545,15.43858,15.44226,0.00,0.00
2011.06.06 08:15:42.656,15.43838,15.44212,0.00,0.00
2011.06.06 08:15:42.986,15.43816,15.4421,0.00,0.00
2011.06.06 08:15:45.389,15.43797,15.44171,0.00,0.00
2011.06.06 08:15:45.719,15.4376,15.44136,0.00,0.00
2011.06.06 08:15:45.936,15.43772,15.441,0.00,0.00
2011.06.06 08:15:46.046,15.43742,15.44156,0.00,0.00
2011.06.06 08:15:48.107,15.43769,15.44153,0.00,0.00
2011.06.06 08:15:48.548,15.43772,15.4417,0.00,0.00
2011.06.06 08:15:48.763,15.4379,15.44158,0.00,0.00
2011.06.06 08:15:49.217,15.43765,15.44171,0.00,0.00
2011.06.06 08:15:49.437,15.43764,15.44158,0.00,0.00
2011.06.06 08:15:50.657,15.43767,15.44151,0.00,0.00
2011.06.06 08:15:50.986,15.43772,15.4414,0.00,0.00
2011.06.06 08:15:53.215,15.43751,15.44155,0.00,0.00
2011.06.06 08:15:53.549,15.43757,15.44125,0.00,0.00
2011.06.06 08:15:54.355,15.43759,15.44067,0.00,0.00
2011.06.06 08:15:54.466,15.43691,15.44079,0.00,0.00
2011.06.06 08:15:57.396,15.43656,15.44073,0.00,0.00
2011.06.06 08:15:57.876,15.43655,15.44049,0.00,0.00
2011.06.06 08:15:59.256,15.43629,15.44043,0.00,0.00
2011.06.06 08:15:59.585,15.43622,15.44008,0.00,0.00
2011.06.06 08:15:59.916,15.43604,15.43982,0.00,0.00
2011.06.06 08:16:00.436,15.43584,15.43982,0.00,0.00
2011.06.06 08:16:00.996,15.43575,15.43983,0.00,0.00
2011.06.06 08:16:01.286,15.43573,15.4397,0.00,0.00
2011.06.06 08:16:01.677,15.43578,15.43962,0.00,0.00
2011.06.06 08:16:03.106,15.43586,15.43962,0.00,0.00
2011.06.06 08:16:03.325,15.43589,15.43983,0.00,0.00
2011.06.06 08:16:05.316,15.43599,15.44003,0.00,0.00
2011.06.06 08:16:05.690,15.43622,15.44006,0.00,0.00
2011.06.06 08:16:06.145,15.4363,15.44026,0.00,0.00
2011.06.06 08:16:06.366,15.43665,15.44019,0.00,0.00
2011.06.06 08:16:07.235,15.43675,15.44019,0.00,0.00
2011.06.06 08:16:07.996,15.43661,15.44025,0.00,0.00
2011.06.06 08:16:08.763,15.43659,15.44015,0.00,0.00
2011.06.06 08:16:10.279,15.43633,15.44029,0.00,0.00
2011.06.06 08:16:12.566,15.43646,15.44014,0.00,0.00
2011.06.06 08:16:19.585,15.43631,15.44027,0.00,0.00
2011.06.06 08:16:20.035,15.43637,15.44033,0.00,0.00
2011.06.06 08:16:20.366,15.43669,15.44023,0.00,0.00
2011.06.06 08:16:21.157,15.43683,15.44031,0.00,0.00
2011.06.06 08:16:21.377,15.43669,15.44057,0.00,0.00
2011.06.06 08:16:23.287,15.43668,15.44034,0.00,0.00
2011.06.06 08:16:23.395,15.43641,15.44027,0.00,0.00
2011.06.06 08:16:23.616,15.43625,15.44019,0.00,0.00
2011.06.06 08:16:23.968,15.4363,15.44004,0.00,0.00
2011.06.06 08:16:29.096,15.43637,15.44003,0.00,0.00
2011.06.06 08:16:30.298,15.43625,15.44019,0.00,0.00
2011.06.06 08:16:31.086,15.4363,15.44006,0.00,0.00
2011.06.06 08:16:39.565,15.43621,15.44005,0.00,0.00
2011.06.06 08:16:40.235,15.43621,15.43985,0.00,0.00
2011.06.06 08:16:43.295,15.43617,15.43965,0.00,0.00
2011.06.06 08:16:43.525,15.43579,15.43973,0.00,0.00
2011.06.06 08:16:45.367,15.43583,15.43957,0.00,0.00
2011.06.06 08:16:45.585,15.43576,15.43972,0.00,0.00
2011.06.06 08:16:46.105,15.43585,15.43983,0.00,0.00
2011.06.06 08:16:46.215,15.43589,15.44013,0.00,0.00
2011.06.06 08:16:46.447,15.43634,15.43988,0.00,0.00
2011.06.06 08:16:46.556,15.43609,15.44013,0.00,0.00
2011.06.06 08:16:48.617,15.43619,15.44003,0.00,0.00
2011.06.06 08:16:51.358,15.43635,15.43999,0.00,0.00
2011.06.06 08:16:53.231,15.43677,15.44001,0.00,0.00
2011.06.06 08:16:53.339,15.43714,15.44071,0.00,0.00
2011.06.06 08:16:57.469,15.43804,15.44104,0.00,0.00
2011.06.06 08:16:59.571,15.43844,15.44144,0.00,0.00
2011.06.06 08:17:00.712,15.43856,15.44166,0.00,0.00
2011.06.06 08:17:00.820,15.43849,15.44159,0.00,0.00
2011.06.06 08:17:01.148,15.43826,15.4413,0.00,0.00
2011.06.06 08:17:01.259,15.43777,15.44141,0.00,0.00
2011.06.06 08:17:03.429,15.43781,15.44117,0.00,0.00
2011.06.06 08:17:03.660,15.4376,15.44126,0.00,0.00
2011.06.06 08:17:04.459,15.43765,15.44113,0.00,0.00
2011.06.06 08:17:05.659,15.43791,15.44095,0.00,0.00
2011.06.06 08:17:09.239,15.43786,15.4414,0.00,0.00
2011.06.06 08:17:09.348,15.43818,15.44164,0.00,0.00
2011.06.06 08:17:09.459,15.43834,15.44186,0.00,0.00
2011.06.06 08:17:09.568,15.43829,15.44223,0.00,0.00
2011.06.06 08:17:10.020,15.4385,15.44224,0.00,0.00
2011.06.06 08:17:10.578,15.43867,15.44221,0.00,0.00
2011.06.06 08:17:11.299,15.43867,15.44213,0.00,0.00
2011.06.06 08:17:11.518,15.43839,15.44215,0.00,0.00
2011.06.06 08:17:13.530,15.43844,15.44178,0.00,0.00
2011.06.06 08:17:15.313,15.43814,15.44178,0.00,0.00
2011.06.06 08:17:15.529,15.43785,15.44169,0.00,0.00
2011.06.06 08:17:17.208,15.43759,15.44153,0.00,0.00
2011.06.06 08:17:17.651,15.43744,15.44118,0.00,0.00
2011.06.06 08:17:19.514,15.4373,15.44047,0.00,0.00
2011.06.06 08:17:19.739,15.43648,15.44042,0.00,0.00
2011.06.06 08:17:20.479,15.43637,15.44011,0.00,0.00
2011.06.06 08:17:26.049,15.43632,15.44,0.00,0.00
2011.06.06 08:17:26.708,15.43626,15.44,0.00,0.00
2011.06.06 08:17:27.078,15.43631,15.43997,0.00,0.00
2011.06.06 08:17:27.410,15.4363,15.44004,0.00,0.00
2011.06.06 08:17:28.950,15.43632,15.4402,0.00,0.00
2011.06.06 08:17:29.090,15.43639,15.44033,0.00,0.00
2011.06.06 08:17:29.200,15.43669,15.44013,0.00,0.00
2011.06.06 08:17:35.338,15.43645,15.44029,0.00,0.00
2011.06.06 08:17:37.178,15.43646,15.44023,0.00,0.00
2011.06.06 08:17:37.850,15.43641,15.44025,0.00,0.00
2011.06.06 08:17:40.179,15.43642,15.44019,0.00,0.00
2011.06.06 08:17:40.288,15.43627,15.44021,0.00,0.00
2011.06.06 08:17:43.548,15.43623,15.4402,0.00,0.00
2011.06.06 08:17:44.411,15.43626,15.4402,0.00,0.00
2011.06.06 08:17:46.960,15.43636,15.44022,0.00,0.00
2011.06.06 08:17:47.288,15.43652,15.44026,0.00,0.00
2011.06.06 08:17:48.419,15.43673,15.44027,0.00,0.00
2011.06.06 08:17:48.849,15.43692,15.4404,0.00,0.00
2011.06.06 08:17:48.959,15.43706,15.4407,0.00,0.00
2011.06.06 08:17:51.238,15.43733,15.44077,0.00,0.00
2011.06.06 08:17:55.782,15.43764,15.44078,0.00,0.00
2011.06.06 08:17:55.888,15.43754,15.44111,0.00,0.00
2011.06.06 08:17:56.109,15.43749,15.44113,0.00,0.00
2011.06.06 08:17:56.219,15.4372,15.44106,0.00,0.00
2011.06.06 08:17:56.452,15.43707,15.44091,0.00,0.00
2011.06.06 08:17:56.968,15.43694,15.44098,0.00,0.00
2011.06.06 08:17:57.608,15.43704,15.44078,0.00,0.00
2011.06.06 08:17:59.479,15.43696,15.44064,0.00,0.00
2011.06.06 08:17:59.768,15.43661,15.44057,0.00,0.00
2011.06.06 08:18:00.408,15.43632,15.44029,0.00,0.00
2011.06.06 08:18:00.738,15.43637,15.43981,0.00,0.00
2011.06.06 08:18:01.529,15.43633,15.4397,0.00,0.00
2011.06.06 08:18:02.029,15.43635,15.43961,0.00,0.00
2011.06.06 08:18:20.840,15.43625,15.43969,0.00,0.00
2011.06.06 08:18:25.073,15.43639,15.43975,0.00,0.00
2011.06.06 08:18:29.436,15.43655,15.44011,0.00,0.00
2011.06.06 08:18:34.718,15.4371,15.44027,0.00,0.00
2011.06.06 08:18:34.828,15.43726,15.44043,0.00,0.00
2011.06.06 08:18:34.939,15.43717,15.44063,0.00,0.00
2011.06.06 08:18:37.061,15.43694,15.44078,0.00,0.00
2011.06.06 08:18:43.650,15.43678,15.44075,0.00,0.00
2011.06.06 08:18:44.339,15.43676,15.44052,0.00,0.00
2011.06.06 08:18:44.618,15.4364,15.44054,0.00,0.00
2011.06.06 08:18:44.729,15.43641,15.44035,0.00,0.00
2011.06.06 08:18:50.201,15.43665,15.44019,0.00,0.00
2011.06.06 08:18:52.258,15.43651,15.44035,0.00,0.00
2011.06.06 08:18:52.368,15.43652,15.44028,0.00,0.00
2011.06.06 08:18:52.479,15.43636,15.44052,0.00,0.00
2011.06.06 08:18:52.589,15.43663,15.44047,0.00,0.00
2011.06.06 08:18:52.918,15.43683,15.44049,0.00,0.00
2011.06.06 08:18:53.409,15.43679,15.44063,0.00,0.00
2011.06.06 08:18:54.532,15.43706,15.4404,0.00,0.00
2011.06.06 08:19:32.243,15.43686,15.4407,0.00,0.00
2011.06.06 08:19:32.349,15.43686,15.44082,0.00,0.00
2011.06.06 08:19:32.569,15.43711,15.44075,0.00,0.00
2011.06.06 08:19:33.210,15.43722,15.4407,0.00,0.00
2011.06.06 08:19:37.528,15.43711,15.44075,0.00,0.00
2011.06.06 08:19:58.078,15.43694,15.44078,0.00,0.00
2011.06.06 08:19:58.189,15.4369,15.44067,0.00,0.00
2011.06.06 08:19:58.300,15.4367,15.44066,0.00,0.00
2011.06.06 08:19:58.521,15.43685,15.44039,0.00,0.00
2011.06.06 08:20:01.675,15.43673,15.44057,0.00,0.00
2011.06.06 08:20:03.998,15.43682,15.44059,0.00,0.00
2011.06.06 08:20:05.728,15.43673,15.44069,0.00,0.00
2011.06.06 08:20:06.148,15.43666,15.44062,0.00,0.00
2011.06.06 08:20:06.368,15.43646,15.4406,0.00,0.00
2011.06.06 08:20:07.467,15.43646,15.4404,0.00,0.00
2011.06.06 08:20:08.662,15.4365,15.44034,0.00,0.00
2011.06.06 08:20:09.371,15.43653,15.44047,0.00,0.00
2011.06.06 08:20:09.478,15.43665,15.44059,0.00,0.00
2011.06.06 08:20:09.838,15.43668,15.44066,0.00,0.00
2011.06.06 08:20:10.717,15.43677,15.44071,0.00,0.00
2011.06.06 08:20:23.558,15.43694,15.4408,0.00,0.00
2011.06.06 08:20:24.279,15.43711,15.44088,0.00,0.00
2011.06.06 08:20:25.922,15.43693,15.44097,0.00,0.00
2011.06.06 08:20:26.030,15.43691,15.44085,0.00,0.00
2011.06.06 08:20:38.158,15.43691,15.44088,0.00,0.00
2011.06.06 08:20:38.269,15.43722,15.4407,0.00,0.00
2011.06.06 08:20:40.096,15.43716,15.4407,0.00,0.00
2011.06.06 08:20:40.209,15.43697,15.44091,0.00,0.00
2011.06.06 08:20:42.961,15.4373,15.44076,0.00,0.00
2011.06.06 08:20:43.827,15.43721,15.44099,0.00,0.00
2011.06.06 08:20:46.189,15.43744,15.4409,0.00,0.00
2011.06.06 08:20:46.644,15.43774,15.4408,0.00,0.00
2011.06.06 08:20:46.759,15.43766,15.44092,0.00,0.00
2011.06.06 08:20:49.629,15.43734,15.4411,0.00,0.00
2011.06.06 08:20:49.738,15.43743,15.441,0.00,0.00
2011.06.06 08:20:50.184,15.4378,15.44088,0.00,0.00
2011.06.06 08:20:50.299,15.43785,15.44121,0.00,0.00
2011.06.06 08:20:58.648,15.43817,15.44117,0.00,0.00
2011.06.06 08:20:59.619,15.43814,15.4412,0.00,0.00
2011.06.06 08:21:03.091,15.43791,15.44135,0.00,0.00
2011.06.06 08:21:04.701,15.43807,15.44111,0.00,0.00
2011.06.06 08:21:05.030,15.43779,15.44116,0.00,0.00
2011.06.06 08:21:05.138,15.43749,15.44135,0.00,0.00
2011.06.06 08:21:05.401,15.4378,15.44117,0.00,0.00
2011.06.06 08:21:31.288,15.43766,15.44134,0.00,0.00
2011.06.06 08:21:34.569,15.43771,15.44108,0.00,0.00
2011.06.06 08:21:35.531,15.43728,15.44122,0.00,0.00
2011.06.06 08:21:35.706,15.43733,15.44107,0.00,0.00
2011.06.06 08:21:40.370,15.43749,15.44103,0.00,0.00
2011.06.06 08:21:40.871,15.43779,15.44096,0.00,0.00
2011.06.06 08:21:41.199,15.43769,15.44117,0.00,0.00
2011.06.06 08:21:43.979,15.43769,15.44115,0.00,0.00
2011.06.06 08:21:44.090,15.4375,15.44106,0.00,0.00
2011.06.06 08:21:44.236,15.43731,15.44085,0.00,0.00
2011.06.06 08:21:56.095,15.43718,15.44064,0.00,0.00
2011.06.06 08:21:56.209,15.43673,15.4407,0.00,0.00
2011.06.06 08:21:56.319,15.43648,15.44062,0.00,0.00
2011.06.06 08:22:00.591,15.43655,15.44039,0.00,0.00
2011.06.06 08:22:01.981,15.43674,15.44028,0.00,0.00
2011.06.06 08:22:02.728,15.43689,15.44037,0.00,0.00
2011.06.06 08:22:02.839,15.43683,15.44079,0.00,0.00
2011.06.06 08:22:13.048,15.43724,15.44072,0.00,0.00
2011.06.06 08:22:13.158,15.43716,15.44094,0.00,0.00
2011.06.06 08:22:14.093,15.43692,15.44096,0.00,0.00
2011.06.06 08:22:14.311,15.4368,15.44077,0.00,0.00
2011.06.06 08:22:39.999,15.43674,15.44058,0.00,0.00
2011.06.06 08:22:40.842,15.43652,15.44056,0.00,0.00
2011.06.06 08:22:43.603,15.43655,15.44029,0.00,0.00
2011.06.06 08:22:44.509,15.43635,15.44029,0.00,0.00
2011.06.06 08:22:46.248,15.43629,15.44015,0.00,0.00
2011.06.06 08:22:47.039,15.43632,15.43989,0.00,0.00
2011.06.06 08:22:47.149,15.43618,15.43982,0.00,0.00
2011.06.06 08:22:47.260,15.43603,15.43989,0.00,0.00
2011.06.06 08:22:52.142,15.4363,15.43976,0.00,0.00
2011.06.06 08:22:52.359,15.43614,15.4399,0.00,0.00
2011.06.06 08:22:53.081,15.43611,15.43969,0.00,0.00
2011.06.06 08:22:53.298,15.43579,15.43975,0.00,0.00
2011.06.06 08:22:53.628,15.43585,15.43959,0.00,0.00
2011.06.06 08:22:55.249,15.43578,15.43972,0.00,0.00
2011.06.06 08:22:55.921,15.43581,15.43967,0.00,0.00
2011.06.06 08:22:56.320,15.43569,15.43965,0.00,0.00
2011.06.06 08:23:06.999,15.43563,15.43937,0.00,0.00
2011.06.06 08:23:55.610,15.43583,15.439,0.00,0.00
2011.06.06 08:23:55.830,15.43562,15.43936,0.00,0.00
2011.06.06 08:23:55.939,15.43575,15.43929,0.00,0.00
2011.06.06 08:23:56.747,15.43565,15.43939,0.00,0.00
2011.06.06 08:24:00.878,15.43546,15.4394,0.00,0.00
2011.06.06 08:24:01.869,15.43537,15.43935,0.00,0.00
2011.06.06 08:24:01.978,15.43531,15.43947,0.00,0.00
2011.06.06 08:24:03.398,15.43543,15.43937,0.00,0.00
2011.06.06 08:24:09.039,15.43538,15.43932,0.00,0.00
2011.06.06 08:24:09.541,15.43545,15.43933,0.00,0.00
2011.06.06 08:24:12.449,15.4355,15.43944,0.00,0.00
2011.06.06 08:24:12.670,15.43576,15.43932,0.00,0.00
2011.06.06 08:24:13.570,15.43579,15.43957,0.00,0.00
2011.06.06 08:24:16.595,15.43602,15.43936,0.00,0.00
2011.06.06 08:24:17.759,15.43576,15.4394,0.00,0.00
2011.06.06 08:24:18.227,15.4357,15.43914,0.00,0.00
2011.06.06 08:24:29.349,15.4356,15.43884,0.00,0.00
2011.06.06 08:24:30.100,15.4352,15.43906,0.00,0.00
2011.06.06 08:24:32.391,15.43567,15.43891,0.00,0.00
2011.06.06 08:24:32.500,15.43571,15.43915,0.00,0.00
2011.06.06 08:24:41.659,15.43553,15.43927,0.00,0.00
2011.06.06 08:24:44.132,15.43497,15.43911,0.00,0.00
2011.06.06 08:24:44.242,15.43486,15.43818,0.00,0.00
2011.06.06 08:24:44.575,15.43467,15.43767,0.00,0.00
2011.06.06 08:24:44.690,15.43369,15.43809,0.00,0.00
2011.06.06 08:24:45.091,15.43335,15.43775,0.00,0.00
2011.06.06 08:24:45.901,15.43317,15.43721,0.00,0.00
2011.06.06 08:24:46.012,15.43277,15.43695,0.00,0.00
2011.06.06 08:24:48.227,15.43267,15.43655,0.00,0.00
2011.06.06 08:24:50.190,15.43223,15.43619,0.00,0.00
2011.06.06 08:24:52.929,15.43185,15.43582,0.00,0.00
2011.06.06 08:24:53.405,15.43181,15.43535,0.00,0.00
2011.06.06 08:24:53.950,15.43174,15.43508,0.00,0.00
2011.06.06 08:24:54.496,15.43164,15.43478,0.00,0.00
2011.06.06 08:24:54.610,15.43104,15.43498,0.00,0.00
2011.06.06 08:24:55.129,15.43106,15.43484,0.00,0.00
2011.06.06 08:24:55.459,15.43127,15.43453,0.00,0.00
2011.06.06 08:24:55.569,15.43078,15.43484,0.00,0.00
2011.06.06 08:24:55.697,15.43086,15.43462,0.00,0.00
2011.06.06 08:24:56.879,15.43059,15.43455,0.00,0.00
2011.06.06 08:24:57.480,15.43038,15.43424,0.00,0.00
2011.06.06 08:25:01.221,15.43033,15.43389,0.00,0.00
2011.06.06 08:25:02.538,15.43014,15.4335,0.00,0.00
2011.06.06 08:25:03.049,15.42964,15.43308,0.00,0.00
2011.06.06 08:25:03.489,15.42906,15.43294,0.00,0.00
2011.06.06 08:25:04.480,15.42894,15.4328,0.00,0.00
2011.06.06 08:25:05.916,15.42869,15.43295,0.00,0.00
2011.06.06 08:25:06.029,15.42876,15.43272,0.00,0.00
2011.06.06 08:25:06.139,15.42875,15.43279,0.00,0.00
2011.06.06 08:25:06.727,15.42935,15.43263,0.00,0.00
2011.06.06 08:25:06.840,15.42924,15.4332,0.00,0.00
2011.06.06 08:25:07.059,15.42953,15.43327,0.00,0.00
2011.06.06 08:25:07.459,15.42991,15.43325,0.00,0.00
2011.06.06 08:25:07.876,15.43025,15.43329,0.00,0.00
2011.06.06 08:25:08.379,15.43019,15.43373,0.00,0.00
2011.06.06 08:25:08.747,15.43053,15.43387,0.00,0.00
2011.06.06 08:25:09.460,15.43121,15.43425,0.00,0.00
2011.06.06 08:25:09.791,15.43152,15.43518,0.00,0.00
2011.06.06 08:25:12.921,15.43202,15.43526,0.00,0.00
2011.06.06 08:25:15.779,15.43206,15.43574,0.00,0.00
2011.06.06 08:25:15.999,15.43258,15.43584,0.00,0.00
2011.06.06 08:25:16.219,15.43246,15.43663,0.00,0.00
2011.06.06 08:25:16.330,15.43286,15.4366,0.00,0.00
2011.06.06 08:25:16.549,15.43285,15.43681,0.00,0.00
2011.06.06 08:25:16.769,15.43324,15.43658,0.00,0.00
2011.06.06 08:25:16.878,15.433,15.43697,0.00,0.00
2011.06.06 08:25:17.099,15.43352,15.43666,0.00,0.00
2011.06.06 08:25:21.782,15.43355,15.43663,0.00,0.00
2011.06.06 08:25:21.890,15.43333,15.4367,0.00,0.00
2011.06.06 08:25:22.598,15.43309,15.43666,0.00,0.00
2011.06.06 08:25:24.196,15.43281,15.43669,0.00,0.00
2011.06.06 08:25:24.691,15.43297,15.43641,0.00,0.00
2011.06.06 08:25:28.109,15.43317,15.43621,0.00,0.00
2011.06.06 08:25:29.538,15.43303,15.43637,0.00,0.00
2011.06.06 08:25:32.583,15.43291,15.43668,0.00,0.00
2011.06.06 08:25:32.724,15.43296,15.4368,0.00,0.00
2011.06.06 08:25:32.841,15.43321,15.43675,0.00,0.00
2011.06.06 08:25:42.957,15.43337,15.43671,0.00,0.00
2011.06.06 08:25:52.311,15.43338,15.43666,0.00,0.00
2011.06.06 08:25:52.639,15.43317,15.43665,0.00,0.00
2011.06.06 08:25:54.622,15.43322,15.43626,0.00,0.00
2011.06.06 08:25:54.729,15.4328,15.43614,0.00,0.00
2011.06.06 08:26:02.321,15.43199,15.43595,0.00,0.00
2011.06.06 08:26:02.541,15.43162,15.43528,0.00,0.00
2011.06.06 08:26:02.650,15.43133,15.43499,0.00,0.00
2011.06.06 08:26:02.760,15.43109,15.43503,0.00,0.00
2011.06.06 08:26:02.980,15.43129,15.43505,0.00,0.00
2011.06.06 08:26:03.529,15.43129,15.43523,0.00,0.00
2011.06.06 08:26:04.400,15.43118,15.43534,0.00,0.00
2011.06.06 08:26:04.510,15.43108,15.43516,0.00,0.00
2011.06.06 08:26:04.898,15.43097,15.43505,0.00,0.00
2011.06.06 08:26:05.611,15.43112,15.43476,0.00,0.00
2011.06.06 08:26:06.222,15.43114,15.43438,0.00,0.00
2011.06.06 08:26:09.568,15.43056,15.4345,0.00,0.00
2011.06.06 08:26:09.680,15.43037,15.43433,0.00,0.00
2011.06.06 08:26:10.876,15.43024,15.4342,0.00,0.00
2011.06.06 08:26:10.989,15.43014,15.43418,0.00,0.00
2011.06.06 08:26:14.001,15.43033,15.43409,0.00,0.00
2011.06.06 08:26:14.109,15.43037,15.43434,0.00,0.00
2011.06.06 08:26:14.770,15.43075,15.43429,0.00,0.00
2011.06.06 08:26:14.880,15.43072,15.4347,0.00,0.00
2011.06.06 08:26:14.991,15.43113,15.4347,0.00,0.00
2011.06.06 08:26:15.101,15.43106,15.4351,0.00,0.00
2011.06.06 08:26:15.211,15.43119,15.43505,0.00,0.00
2011.06.06 08:26:15.644,15.43124,15.4348,0.00,0.00
2011.06.06 08:26:16.048,15.4311,15.43436,0.00,0.00
2011.06.06 08:26:16.520,15.43037,15.43429,0.00,0.00
2011.06.06 08:26:16.853,15.43052,15.43352,0.00,0.00
2011.06.06 08:26:16.964,15.43026,15.43326,0.00,0.00
2011.06.06 08:26:17.179,15.42993,15.4331,0.00,0.00
2011.06.06 08:26:17.399,15.42947,15.43293,0.00,0.00
2011.06.06 08:26:17.509,15.42885,15.43239,0.00,0.00
2011.06.06 08:26:17.619,15.42823,15.43169,0.00,0.00
2011.06.06 08:26:18.619,15.42805,15.43133,0.00,0.00
2011.06.06 08:26:19.652,15.42812,15.43112,0.00,0.00
2011.06.06 08:26:20.838,15.42804,15.43121,0.00,0.00
2011.06.06 08:26:23.537,15.4282,15.43134,0.00,0.00
2011.06.06 08:26:26.376,15.42817,15.43161,0.00,0.00
2011.06.06 08:26:26.489,15.42831,15.43167,0.00,0.00
2011.06.06 08:26:32.665,15.4282,15.43188,0.00,0.00
2011.06.06 08:26:37.256,15.42827,15.43175,0.00,0.00
2011.06.06 08:26:37.593,15.42831,15.43158,0.00,0.00
2011.06.06 08:26:37.808,15.42818,15.43152,0.00,0.00
2011.06.06 08:26:39.600,15.42806,15.4312,0.00,0.00
2011.06.06 08:26:40.816,15.42741,15.43127,0.00,0.00
2011.06.06 08:26:41.668,15.42731,15.43113,0.00,0.00
2011.06.06 08:26:41.780,15.42746,15.43068,0.00,0.00
2011.06.06 08:26:41.999,15.42685,15.43079,0.00,0.00
2011.06.06 08:26:42.557,15.4266,15.43072,0.00,0.00
2011.06.06 08:26:42.669,15.42662,15.43054,0.00,0.00
2011.06.06 08:26:43.610,15.42669,15.43043,0.00,0.00
2011.06.06 08:26:44.909,15.42654,15.43058,0.00,0.00
2011.06.06 08:26:45.951,15.42682,15.4305,0.00,0.00
2011.06.06 08:26:47.539,15.4269,15.43076,0.00,0.00
2011.06.06 08:26:47.677,15.42692,15.43086,0.00,0.00
2011.06.06 08:26:47.899,15.42684,15.43078,0.00,0.00
2011.06.06 08:26:48.229,15.42687,15.43075,0.00,0.00
2011.06.06 08:26:49.856,15.42698,15.43082,0.00,0.00
2011.06.06 08:26:50.406,15.42733,15.43097,0.00,0.00
2011.06.06 08:26:50.739,15.4278,15.43126,0.00,0.00
2011.06.06 08:26:51.179,15.42765,15.43179,0.00,0.00
2011.06.06 08:26:51.510,15.42804,15.43121,0.00,0.00
2011.06.06 08:26:51.619,15.42782,15.43118,0.00,0.00
2011.06.06 08:26:53.768,15.42754,15.4312,0.00,0.00
2011.06.06 08:26:53.989,15.42735,15.43132,0.00,0.00
2011.06.06 08:26:54.650,15.4276,15.43154,0.00,0.00
2011.06.06 08:26:57.113,15.42841,15.43141,0.00,0.00
2011.06.06 08:26:57.232,15.42837,15.43211,0.00,0.00
2011.06.06 08:26:57.451,15.4289,15.43254,0.00,0.00
2011.06.06 08:26:57.980,15.42903,15.43297,0.00,0.00
2011.06.06 08:26:58.199,15.42917,15.43305,0.00,0.00
2011.06.06 08:26:58.692,15.42909,15.43303,0.00,0.00
2011.06.06 08:26:58.799,15.42924,15.4328,0.00,0.00
2011.06.06 08:26:58.910,15.42904,15.43298,0.00,0.00
2011.06.06 08:26:59.619,15.42911,15.43275,0.00,0.00
2011.06.06 08:26:59.729,15.4289,15.43286,0.00,0.00
2011.06.06 08:27:00.398,15.42901,15.43265,0.00,0.00
2011.06.06 08:27:02.552,15.42917,15.43231,0.00,0.00
2011.06.06 08:27:03.379,15.42908,15.43242,0.00,0.00
2011.06.06 08:27:04.707,15.42938,15.43238,0.00,0.00
2011.06.06 08:27:04.820,15.42959,15.43258,0.00,0.00
2011.06.06 08:27:04.931,15.4298,15.4328,0.00,0.00
2011.06.06 08:27:05.039,15.42965,15.43341,0.00,0.00
2011.06.06 08:27:05.308,15.43003,15.43351,0.00,0.00
2011.06.06 08:27:07.379,15.43024,15.43376,0.00,0.00
2011.06.06 08:27:07.816,15.43049,15.43397,0.00,0.00
2011.06.06 08:27:08.430,15.43085,15.43422,0.00,0.00
2011.06.06 08:27:19.117,15.43157,15.43457,0.00,0.00
2011.06.06 08:27:19.521,15.43204,15.43532,0.00,0.00
2011.06.06 08:27:21.499,15.43235,15.43569,0.00,0.00
2011.06.06 08:27:21.627,15.43272,15.43576,0.00,0.00
2011.06.06 08:27:22.237,15.43267,15.43615,0.00,0.00
2011.06.06 08:27:22.350,15.43294,15.4362,0.00,0.00
2011.06.06 08:27:22.971,15.43316,15.4365,0.00,0.00
2011.06.06 08:27:24.566,15.43323,15.43689,0.00,0.00
2011.06.06 08:27:24.681,15.43341,15.43665,0.00,0.00
2011.06.06 08:27:30.939,15.43301,15.43675,0.00,0.00
2011.06.06 08:27:32.651,15.43315,15.43639,0.00,0.00
2011.06.06 08:27:36.499,15.43322,15.43636,0.00,0.00
2011.06.06 08:27:38.571,15.43313,15.43669,0.00,0.00
2011.06.06 08:27:38.679,15.43329,15.43677,0.00,0.00
2011.06.06 08:27:39.011,15.43357,15.43691,0.00,0.00
2011.06.06 08:27:39.120,15.43339,15.43765,0.00,0.00
2011.06.06 08:27:39.231,15.43376,15.43772,0.00,0.00
2011.06.06 08:27:39.571,15.43409,15.43763,0.00,0.00
2011.06.06 08:27:39.829,15.43395,15.43779,0.00,0.00
2011.06.06 08:27:40.163,15.43402,15.4378,0.00,0.00
2011.06.06 08:27:40.549,15.43427,15.43775,0.00,0.00
2011.06.06 08:27:40.881,15.43444,15.43768,0.00,0.00
2011.06.06 08:27:40.989,15.43424,15.43772,0.00,0.00
2011.06.06 08:27:41.250,15.43396,15.4378,0.00,0.00
2011.06.06 08:27:41.690,15.43381,15.43778,0.00,0.00
2011.06.06 08:27:42.089,15.43378,15.43755,0.00,0.00
2011.06.06 08:27:44.310,15.43354,15.43738,0.00,0.00
2011.06.06 08:27:44.420,15.43339,15.43696,0.00,0.00
2011.06.06 08:27:50.700,15.43302,15.43706,0.00,0.00
2011.06.06 08:27:51.141,15.43324,15.43681,0.00,0.00
2011.06.06 08:27:52.433,15.43329,15.43665,0.00,0.00
2011.06.06 08:27:54.232,15.43315,15.43659,0.00,0.00
2011.06.06 08:27:54.340,15.43313,15.43677,0.00,0.00
2011.06.06 08:27:56.131,15.4338,15.4368,0.00,0.00
2011.06.06 08:27:56.350,15.43373,15.43761,0.00,0.00
2011.06.06 08:27:58.011,15.43428,15.43765,0.00,0.00
2011.06.06 08:27:58.120,15.43422,15.43818,0.00,0.00
2011.06.06 08:27:58.276,15.43445,15.4382,0.00,0.00
2011.06.06 08:28:00.189,15.43453,15.43817,0.00,0.00
2011.06.06 08:28:00.758,15.43449,15.43804,0.00,0.00
2011.06.06 08:28:00.870,15.4342,15.43804,0.00,0.00
2011.06.06 08:28:00.980,15.43435,15.43769,0.00,0.00
2011.06.06 08:28:04.989,15.43414,15.43778,0.00,0.00
2011.06.06 08:28:05.431,15.43393,15.43771,0.00,0.00
2011.06.06 08:28:06.420,15.43364,15.43761,0.00,0.00
2011.06.06 08:28:06.639,15.43337,15.43745,0.00,0.00
2011.06.06 08:28:07.060,15.43331,15.43727,0.00,0.00
2011.06.06 08:28:07.539,15.43329,15.43723,0.00,0.00
2011.06.06 08:28:08.379,15.43338,15.43726,0.00,0.00
2011.06.06 08:28:10.049,15.43369,15.43717,0.00,0.00
2011.06.06 08:28:11.589,15.4338,15.43726,0.00,0.00
2011.06.06 08:28:11.900,15.43395,15.43729,0.00,0.00
2011.06.06 08:28:12.226,15.43419,15.43733,0.00,0.00
2011.06.06 08:28:12.340,15.43396,15.4377,0.00,0.00
2011.06.06 08:28:12.450,15.43372,15.43776,0.00,0.00
2011.06.06 08:28:13.624,15.43389,15.43726,0.00,0.00
2011.06.06 08:28:13.730,15.43365,15.43723,0.00,0.00
2011.06.06 08:28:13.950,15.43341,15.43718,0.00,0.00
2011.06.06 08:28:14.489,15.43311,15.43707,0.00,0.00
2011.06.06 08:28:15.621,15.43282,15.43684,0.00,0.00
2011.06.06 08:28:15.731,15.43312,15.43618,0.00,0.00
2011.06.06 08:28:15.841,15.43273,15.4363,0.00,0.00
2011.06.06 08:28:20.488,15.43275,15.43622,0.00,0.00
2011.06.06 08:28:20.934,15.43281,15.43627,0.00,0.00
2011.06.06 08:28:21.247,15.4329,15.43614,0.00,0.00
2011.06.06 08:28:35.646,15.4325,15.43596,0.00,0.00
2011.06.06 08:28:35.759,15.43228,15.43534,0.00,0.00
2011.06.06 08:28:35.869,15.43171,15.43526,0.00,0.00
2011.06.06 08:28:35.979,15.43133,15.43529,0.00,0.00
2011.06.06 08:28:37.836,15.43131,15.43515,0.00,0.00
2011.06.06 08:28:38.280,15.43126,15.43514,0.00,0.00
2011.06.06 08:28:38.500,15.43136,15.435,0.00,0.00
2011.06.06 08:28:38.720,15.43124,15.43521,0.00,0.00
2011.06.06 08:28:38.830,15.43127,15.43524,0.00,0.00
2011.06.06 08:28:41.005,15.43146,15.43523,0.00,0.00
2011.06.06 08:28:43.590,15.43162,15.43508,0.00,0.00
2011.06.06 08:28:43.921,15.43136,15.43512,0.00,0.00
2011.06.06 08:28:45.999,15.43142,15.43468,0.00,0.00
2011.06.06 08:28:46.109,15.43097,15.43474,0.00,0.00
2011.06.06 08:28:46.370,15.43066,15.4347,0.00,0.00
2011.06.06 08:28:46.765,15.43039,15.43463,0.00,0.00
2011.06.06 08:28:46.986,15.43022,15.43416,0.00,0.00
2011.06.06 08:28:48.169,15.43024,15.43324,0.00,0.00
2011.06.06 08:28:48.501,15.42939,15.43327,0.00,0.00
2011.06.06 08:28:48.737,15.42894,15.43318,0.00,0.00
2011.06.06 08:28:49.453,15.42899,15.43293,0.00,0.00
2011.06.06 08:28:50.116,15.42921,15.43269,0.00,0.00
2011.06.06 08:28:51.391,15.42903,15.43297,0.00,0.00
2011.06.06 08:28:51.499,15.4292,15.43317,0.00,0.00
2011.06.06 08:28:51.719,15.42959,15.43305,0.00,0.00
2011.06.06 08:28:55.672,15.42992,15.43296,0.00,0.00
2011.06.06 08:29:04.669,15.43,15.43304,0.00,0.00
2011.06.06 08:29:04.890,15.42976,15.43312,0.00,0.00
2011.06.06 08:29:05.316,15.42936,15.43332,0.00,0.00
2011.06.06 08:29:05.431,15.42943,15.43339,0.00,0.00
2011.06.06 08:29:05.771,15.42988,15.43332,0.00,0.00
2011.06.06 08:29:06.835,15.43047,15.43361,0.00,0.00
2011.06.06 08:29:08.401,15.43108,15.43412,0.00,0.00
2011.06.06 08:29:09.019,15.43118,15.43475,0.00,0.00
2011.06.06 08:29:09.368,15.43114,15.435,0.00,0.00
2011.06.06 08:29:11.406,15.43116,15.43473,0.00,0.00
2011.06.06 08:29:11.584,15.43068,15.43464,0.00,0.00
2011.06.06 08:29:11.691,15.4307,15.43384,0.00,0.00
2011.06.06 08:29:11.801,15.4299,15.43396,0.00,0.00
2011.06.06 08:29:11.911,15.42973,15.43397,0.00,0.00
2011.06.06 08:29:12.180,15.43028,15.43366,0.00,0.00
2011.06.06 08:29:12.290,15.43026,15.43394,0.00,0.00
2011.06.06 08:29:12.510,15.4303,15.43416,0.00,0.00
2011.06.06 08:29:12.731,15.43034,15.43442,0.00,0.00
2011.06.06 08:29:13.579,15.43077,15.43434,0.00,0.00
2011.06.06 08:29:13.909,15.43083,15.4346,0.00,0.00
2011.06.06 08:29:14.576,15.43104,15.43478,0.00,0.00
2011.06.06 08:29:14.800,15.43106,15.43522,0.00,0.00
2011.06.06 08:29:15.020,15.43148,15.43522,0.00,0.00
2011.06.06 08:29:15.386,15.43176,15.43522,0.00,0.00
2011.06.06 08:29:15.790,15.43194,15.43518,0.00,0.00
2011.06.06 08:29:16.767,15.43189,15.43533,0.00,0.00
2011.06.06 08:29:16.990,15.43207,15.43541,0.00,0.00
2011.06.06 08:29:17.099,15.43171,15.43599,0.00,0.00
2011.06.06 08:29:17.210,15.43178,15.43586,0.00,0.00
2011.06.06 08:29:18.637,15.43193,15.4357,0.00,0.00
2011.06.06 08:29:23.571,15.4322,15.43554,0.00,0.00
2011.06.06 08:29:25.065,15.43198,15.43562,0.00,0.00
2011.06.06 08:29:25.290,15.43184,15.4353,0.00,0.00
2011.06.06 08:29:25.509,15.43136,15.43533,0.00,0.00
2011.06.06 08:29:28.347,15.43127,15.43503,0.00,0.00
2011.06.06 08:29:28.461,15.4308,15.43504,0.00,0.00
2011.06.06 08:29:28.569,15.4309,15.43456,0.00,0.00
2011.06.06 08:29:29.640,15.43098,15.43446,0.00,0.00
2011.06.06 08:29:31.056,15.43083,15.43491,0.00,0.00
2011.06.06 08:29:31.279,15.43124,15.43481,0.00,0.00
2011.06.06 08:29:37.289,15.43122,15.43499,0.00,0.00
2011.06.06 08:29:42.267,15.43137,15.43494,0.00,0.00
2011.06.06 08:29:46.779,15.43141,15.43517,0.00,0.00
2011.06.06 08:29:46.999,15.43172,15.4352,0.00,0.00
2011.06.06 08:29:47.112,15.4318,15.43536,0.00,0.00
2011.06.06 08:29:47.219,15.43181,15.43557,0.00,0.00
2011.06.06 08:29:47.440,15.4318,15.43576,0.00,0.00
2011.06.06 08:29:47.646,15.43193,15.43567,0.00,0.00
2011.06.06 08:29:52.086,15.43174,15.4357,0.00,0.00
2011.06.06 08:29:52.679,15.43178,15.43534,0.00,0.00
2011.06.06 08:29:52.789,15.43141,15.43545,0.00,0.00
2011.06.06 08:29:54.579,15.43143,15.43537,0.00,0.00
2011.06.06 08:30:00.636,15.43165,15.43539,0.00,0.00
2011.06.06 08:30:00.972,15.4317,15.43566,0.00,0.00
2011.06.06 08:30:01.627,15.43184,15.43568,0.00,0.00
2011.06.06 08:30:01.847,15.43178,15.43566,0.00,0.00
2011.06.06 08:30:01.960,15.43168,15.43562,0.00,0.00
2011.06.06 08:30:04.612,15.43182,15.43536,0.00,0.00
2011.06.06 08:30:09.051,15.43187,15.43535,0.00,0.00
2011.06.06 08:30:09.159,15.43172,15.4356,0.00,0.00
2011.06.06 08:30:16.766,15.43179,15.43545,0.00,0.00
2011.06.06 08:30:19.113,15.43171,15.43545,0.00,0.00
2011.06.06 08:30:19.219,15.43152,15.43546,0.00,0.00
2011.06.06 08:30:21.664,15.43151,15.43525,0.00,0.00
2011.06.06 08:30:28.466,15.43125,15.43521,0.00,0.00
2011.06.06 08:30:29.600,15.43121,15.43478,0.00,0.00
2011.06.06 08:30:29.710,15.4305,15.43488,0.00,0.00
2011.06.06 08:30:29.822,15.43054,15.43432,0.00,0.00
2011.06.06 08:30:30.671,15.43032,15.4342,0.00,0.00
2011.06.06 08:30:32.639,15.43015,15.43409,0.00,0.00
2011.06.06 08:30:33.571,15.4302,15.43384,0.00,0.00
2011.06.06 08:30:34.456,15.43026,15.4337,0.00,0.00
2011.06.06 08:30:36.680,15.43049,15.43353,0.00,0.00
2011.06.06 08:30:42.747,15.43021,15.43387,0.00,0.00
2011.06.06 08:30:49.601,15.43055,15.43359,0.00,0.00
2011.06.06 08:30:49.710,15.4303,15.43426,0.00,0.00
2011.06.06 08:30:49.820,15.43082,15.43426,0.00,0.00
2011.06.06 08:30:49.930,15.43083,15.43471,0.00,0.00
2011.06.06 08:30:50.040,15.43135,15.43472,0.00,0.00
2011.06.06 08:30:50.149,15.43141,15.43535,0.00,0.00
2011.06.06 08:30:53.090,15.43213,15.43519,0.00,0.00
2011.06.06 08:30:53.200,15.43234,15.43542,0.00,0.00
2011.06.06 08:30:53.311,15.4325,15.43587,0.00,0.00
2011.06.06 08:30:53.421,15.43292,15.43592,0.00,0.00
2011.06.06 08:30:53.530,15.43234,15.43652,0.00,0.00
2011.06.06 08:30:53.749,15.43242,15.43656,0.00,0.00
2011.06.06 08:30:55.041,15.43279,15.43647,0.00,0.00
2011.06.06 08:30:55.150,15.43278,15.43676,0.00,0.00
2011.06.06 08:30:55.589,15.43314,15.43678,0.00,0.00
2011.06.06 08:31:00.449,15.43355,15.43689,0.00,0.00
2011.06.06 08:31:02.953,15.43386,15.43734,0.00,0.00
2011.06.06 08:31:03.062,15.43453,15.43753,0.00,0.00
2011.06.06 08:31:03.171,15.43471,15.43815,0.00,0.00
2011.06.06 08:31:03.391,15.43518,15.43822,0.00,0.00
2011.06.06 08:31:04.129,15.43501,15.43855,0.00,0.00
2011.06.06 08:31:05.130,15.43466,15.43854,0.00,0.00
2011.06.06 08:31:05.349,15.43444,15.4383,0.00,0.00
2011.06.06 08:31:05.679,15.43455,15.43811,0.00,0.00
2011.06.06 08:31:06.010,15.43472,15.43809,0.00,0.00
2011.06.06 08:31:06.230,15.43451,15.43807,0.00,0.00
2011.06.06 08:31:09.700,15.43425,15.43762,0.00,0.00
2011.06.06 08:31:09.809,15.43391,15.43733,0.00,0.00
2011.06.06 08:31:09.920,15.43389,15.43717,0.00,0.00
2011.06.06 08:31:10.854,15.4337,15.43726,0.00,0.00
2011.06.06 08:31:11.599,15.43332,15.43736,0.00,0.00
2011.06.06 08:31:11.710,15.43324,15.43701,0.00,0.00
2011.06.06 08:31:17.252,15.43308,15.43645,0.00,0.00
2011.06.06 08:31:17.522,15.43232,15.43636,0.00,0.00
2011.06.06 08:31:17.630,15.43191,15.43625,0.00,0.00
2011.06.06 08:31:19.048,15.43202,15.43596,0.00,0.00
2011.06.06 08:31:23.803,15.43236,15.43582,0.00,0.00
2011.06.06 08:31:24.131,15.43227,15.43623,0.00,0.00
2011.06.06 08:31:26.219,15.43256,15.4364,0.00,0.00
2011.06.06 08:31:26.441,15.43278,15.43672,0.00,0.00
2011.06.06 08:31:26.759,15.43325,15.43673,0.00,0.00
2011.06.06 08:31:26.981,15.43328,15.43706,0.00,0.00
2011.06.06 08:31:28.608,15.43341,15.43725,0.00,0.00
2011.06.06 08:31:30.674,15.43366,15.4373,0.00,0.00
2011.06.06 08:31:32.822,15.43372,15.43766,0.00,0.00
2011.06.06 08:31:33.150,15.43428,15.43765,0.00,0.00
2011.06.06 08:31:33.613,15.43473,15.43779,0.00,0.00
2011.06.06 08:31:34.200,15.43466,15.43842,0.00,0.00
2011.06.06 08:31:34.310,15.43463,15.4386,0.00,0.00
2011.06.06 08:31:35.681,15.43444,15.4385,0.00,0.00
2011.06.06 08:31:35.792,15.43439,15.43807,0.00,0.00
2011.06.06 08:31:39.899,15.43425,15.43773,0.00,0.00
2011.06.06 08:31:41.315,15.43402,15.43708,0.00,0.00
2011.06.06 08:31:41.541,15.43316,15.437,0.00,0.00
2011.06.06 08:31:42.105,15.43298,15.43686,0.00,0.00
2011.06.06 08:31:42.211,15.43298,15.43702,0.00,0.00
2011.06.06 08:31:42.480,15.43321,15.43707,0.00,0.00
2011.06.06 08:31:45.286,15.43341,15.43735,0.00,0.00
2011.06.06 08:31:45.702,15.43431,15.43731,0.00,0.00
2011.06.06 08:31:46.031,15.43476,15.43776,0.00,0.00
2011.06.06 08:31:46.141,15.43506,15.4383,0.00,0.00
2011.06.06 08:31:48.325,15.43508,15.43892,0.00,0.00
2011.06.06 08:31:48.440,15.43556,15.439,0.00,0.00
2011.06.06 08:31:48.769,15.43567,15.43951,0.00,0.00
2011.06.06 08:31:48.990,15.43584,15.43978,0.00,0.00
2011.06.06 08:31:57.760,15.43623,15.43969,0.00,0.00
2011.06.06 08:31:57.869,15.43625,15.43982,0.00,0.00
2011.06.06 08:31:57.979,15.4364,15.43978,0.00,0.00
2011.06.06 08:31:58.465,15.43621,15.44009,0.00,0.00
2011.06.06 08:32:01.772,15.43616,15.4401,0.00,0.00
2011.06.06 08:32:04.545,15.43636,15.4399,0.00,0.00
2011.06.06 08:32:05.679,15.43618,15.44012,0.00,0.00
2011.06.06 08:32:05.795,15.43615,15.44001,0.00,0.00
2011.06.06 08:32:06.389,15.43611,15.43977,0.00,0.00
2011.06.06 08:32:06.499,15.43592,15.4398,0.00,0.00
2011.06.06 08:32:07.072,15.43583,15.43987,0.00,0.00
2011.06.06 08:32:08.617,15.43593,15.43987,0.00,0.00
2011.06.06 08:32:10.041,15.43628,15.43976,0.00,0.00
2011.06.06 08:32:10.371,15.4363,15.43997,0.00,0.00
2011.06.06 08:32:12.364,15.43633,15.44021,0.00,0.00
2011.06.06 08:32:13.555,15.43659,15.44043,0.00,0.00
2011.06.06 08:32:13.926,15.43702,15.44039,0.00,0.00
2011.06.06 08:32:17.894,15.43676,15.44064,0.00,0.00
2011.06.06 08:32:18.006,15.43682,15.44048,0.00,0.00
2011.06.06 08:32:18.692,15.43671,15.44045,0.00,0.00
2011.06.06 08:32:18.799,15.43655,15.44059,0.00,0.00
2011.06.06 08:32:20.149,15.43684,15.44052,0.00,0.00
2011.06.06 08:32:20.856,15.43682,15.44078,0.00,0.00
2011.06.06 08:32:21.220,15.4371,15.44056,0.00,0.00
2011.06.06 08:32:23.710,15.43692,15.44058,0.00,0.00
2011.06.06 08:32:23.867,15.43679,15.44067,0.00,0.00
2011.06.06 08:32:24.554,15.43673,15.44067,0.00,0.00
2011.06.06 08:32:24.660,15.43668,15.44065,0.00,0.00
2011.06.06 08:32:25.285,15.4367,15.44044,0.00,0.00
2011.06.06 08:32:25.944,15.43644,15.44048,0.00,0.00
2011.06.06 08:32:27.464,15.43641,15.44025,0.00,0.00
2011.06.06 08:32:28.665,15.43631,15.44007,0.00,0.00
2011.06.06 08:32:28.891,15.43606,15.4402,0.00,0.00
2011.06.06 08:32:29.000,15.4362,15.43998,0.00,0.00
2011.06.06 08:32:30.040,15.43592,15.44006,0.00,0.00
2011.06.06 08:32:30.735,15.43597,15.43995,0.00,0.00
2011.06.06 08:32:31.614,15.43631,15.43977,0.00,0.00
2011.06.06 08:32:32.594,15.43619,15.43995,0.00,0.00
2011.06.06 08:32:33.710,15.4363,15.43976,0.00,0.00
2011.06.06 08:32:33.820,15.43616,15.4397,0.00,0.00
2011.06.06 08:32:33.946,15.43576,15.4396,0.00,0.00
2011.06.06 08:32:36.045,15.43544,15.43942,0.00,0.00
2011.06.06 08:32:38.362,15.4354,15.43936,0.00,0.00
2011.06.06 08:32:38.689,15.43547,15.43941,0.00,0.00
2011.06.06 08:32:39.336,15.43552,15.43946,0.00,0.00
2011.06.06 08:32:39.651,15.43571,15.43935,0.00,0.00
2011.06.06 08:32:39.760,15.43561,15.43955,0.00,0.00
2011.06.06 08:32:39.869,15.43556,15.43962,0.00,0.00
2011.06.06 08:32:40.435,15.43563,15.43947,0.00,0.00
2011.06.06 08:32:41.472,15.43592,15.43936,0.00,0.00
2011.06.06 08:32:41.792,15.43609,15.43955,0.00,0.00
2011.06.06 08:32:42.314,15.43597,15.43971,0.00,0.00
2011.06.06 08:32:42.529,15.43579,15.43977,0.00,0.00
2011.06.06 08:32:43.313,15.4357,15.43966,0.00,0.00
2011.06.06 08:32:43.420,15.43537,15.43965,0.00,0.00
2011.06.06 08:32:43.640,15.43544,15.4392,0.00,0.00
2011.06.06 08:32:48.486,15.43552,15.43896,0.00,0.00
2011.06.06 08:32:48.709,15.43531,15.43925,0.00,0.00
2011.06.06 08:32:51.215,15.43541,15.43915,0.00,0.00
2011.06.06 08:32:52.527,15.43533,15.43909,0.00,0.00
2011.06.06 08:32:53.242,15.43553,15.43899,0.00,0.00
2011.06.06 08:32:58.130,15.43574,15.43922,0.00,0.00
2011.06.06 08:32:58.240,15.43575,15.43951,0.00,0.00
2011.06.06 08:32:58.350,15.43574,15.43971,0.00,0.00
2011.06.06 08:32:58.997,15.43583,15.43971,0.00,0.00
2011.06.06 08:33:00.825,15.43587,15.43971,0.00,0.00
2011.06.06 08:33:01.048,15.43577,15.43975,0.00,0.00
2011.06.06 08:33:01.161,15.43564,15.43972,0.00,0.00
2011.06.06 08:33:01.516,15.43569,15.43963,0.00,0.00
2011.06.06 08:33:03.350,15.43569,15.43975,0.00,0.00
2011.06.06 08:33:03.461,15.43592,15.43968,0.00,0.00
2011.06.06 08:33:03.681,15.43596,15.4398,0.00,0.00
2011.06.06 08:33:03.791,15.43623,15.43977,0.00,0.00
2011.06.06 08:33:04.370,15.43641,15.43989,0.00,0.00
2011.06.06 08:33:05.160,15.43605,15.44041,0.00,0.00
2011.06.06 08:33:05.270,15.43603,15.44011,0.00,0.00
2011.06.06 08:33:05.600,15.4359,15.43986,0.00,0.00
2011.06.06 08:33:06.502,15.43576,15.43974,0.00,0.00
2011.06.06 08:33:07.050,15.4358,15.43946,0.00,0.00
2011.06.06 08:33:08.069,15.43584,15.4392,0.00,0.00
2011.06.06 08:33:10.155,15.43586,15.43903,0.00,0.00
2011.06.06 08:33:16.414,15.43576,15.43913,0.00,0.00
2011.06.06 08:33:17.714,15.43565,15.43909,0.00,0.00
2011.06.06 08:33:17.820,15.43531,15.43917,0.00,0.00
2011.06.06 08:33:18.040,15.43527,15.43893,0.00,0.00
2011.06.06 08:33:18.365,15.43536,15.43853,0.00,0.00
2011.06.06 08:33:18.470,15.43519,15.43843,0.00,0.00
2011.06.06 08:33:18.579,15.43485,15.43851,0.00,0.00
2011.06.06 08:33:23.533,15.43487,15.43833,0.00,0.00
2011.06.06 08:33:26.820,15.4349,15.43814,0.00,0.00
2011.06.06 08:33:27.211,15.43439,15.43823,0.00,0.00
2011.06.06 08:33:27.430,15.43414,15.43788,0.00,0.00
2011.06.06 08:33:27.760,15.43372,15.43766,0.00,0.00
2011.06.06 08:33:28.891,15.43367,15.43724,0.00,0.00
2011.06.06 08:33:29.000,15.43331,15.43719,0.00,0.00
2011.06.06 08:33:32.851,15.43343,15.43681,0.00,0.00
2011.06.06 08:33:32.960,15.43343,15.43711,0.00,0.00
2011.06.06 08:33:33.942,15.43418,15.43718,0.00,0.00
2011.06.06 08:33:34.177,15.4342,15.43776,0.00,0.00
2011.06.06 08:33:34.290,15.43423,15.43811,0.00,0.00
2011.06.06 08:33:34.400,15.43431,15.43827,0.00,0.00
2011.06.06 08:33:34.619,15.43456,15.4384,0.00,0.00
2011.06.06 08:33:35.280,15.43474,15.4387,0.00,0.00
2011.06.06 08:33:35.719,15.43503,15.43861,0.00,0.00
2011.06.06 08:33:36.082,15.43495,15.43861,0.00,0.00
2011.06.06 08:33:36.301,15.43467,15.43864,0.00,0.00
2011.06.06 08:33:38.631,15.43477,15.43831,0.00,0.00
2011.06.06 08:33:40.265,15.4346,15.43844,0.00,0.00
2011.06.06 08:33:40.480,15.43477,15.43843,0.00,0.00
2011.06.06 08:33:40.589,15.43464,15.4386,0.00,0.00
2011.06.06 08:33:40.980,15.43454,15.43848,0.00,0.00
2011.06.06 08:33:41.200,15.43433,15.43847,0.00,0.00
2011.06.06 08:33:43.100,15.43436,15.4382,0.00,0.00
2011.06.06 08:33:47.904,15.43412,15.43806,0.00,0.00
2011.06.06 08:33:49.860,15.4343,15.4373,0.00,0.00
2011.06.06 08:33:49.970,15.43394,15.43742,0.00,0.00
2011.06.06 08:33:50.080,15.43375,15.43771,0.00,0.00
2011.06.06 08:33:52.077,15.43388,15.43784,0.00,0.00
2011.06.06 08:33:52.450,15.43433,15.43797,0.00,0.00
2011.06.06 08:34:00.170,15.43453,15.43857,0.00,0.00
2011.06.06 08:34:00.499,15.43492,15.43886,0.00,0.00
2011.06.06 08:34:00.828,15.43555,15.43863,0.00,0.00
2011.06.06 08:34:01.533,15.43536,15.43892,0.00,0.00
2011.06.06 08:34:01.639,15.4352,15.43908,0.00,0.00
2011.06.06 08:34:02.163,15.4353,15.43886,0.00,0.00
2011.06.06 08:34:05.543,15.43525,15.43871,0.00,0.00
2011.06.06 08:34:06.573,15.43495,15.43891,0.00,0.00
2011.06.06 08:34:06.679,15.43521,15.43875,0.00,0.00
2011.06.06 08:34:06.790,15.43531,15.43889,0.00,0.00
2011.06.06 08:34:07.625,15.43573,15.43881,0.00,0.00
2011.06.06 08:34:07.738,15.43578,15.43904,0.00,0.00
2011.06.06 08:34:08.702,15.43573,15.43921,0.00,0.00
2011.06.06 08:34:09.994,15.43551,15.43917,0.00,0.00
2011.06.06 08:34:10.110,15.43526,15.43872,0.00,0.00
2011.06.06 08:34:10.219,15.4348,15.43872,0.00,0.00
2011.06.06 08:34:10.329,15.43471,15.43885,0.00,0.00
2011.06.06 08:34:10.840,15.43505,15.43889,0.00,0.00
2011.06.06 08:34:12.723,15.4351,15.43914,0.00,0.00
2011.06.06 08:34:14.043,15.43529,15.43917,0.00,0.00
2011.06.06 08:34:14.148,15.43534,15.43928,0.00,0.00
2011.06.06 08:34:16.499,15.43557,15.43931,0.00,0.00
2011.06.06 08:34:20.649,15.43593,15.43941,0.00,0.00
2011.06.06 08:34:20.980,15.43619,15.43965,0.00,0.00
2011.06.06 08:34:23.624,15.43648,15.43982,0.00,0.00
2011.06.06 08:34:23.741,15.43631,15.44035,0.00,0.00
2011.06.06 08:34:23.850,15.43637,15.44053,0.00,0.00
2011.06.06 08:34:23.961,15.43665,15.44033,0.00,0.00
2011.06.06 08:34:24.272,15.43667,15.44004,0.00,0.00
2011.06.06 08:34:26.327,15.43604,15.43998,0.00,0.00
2011.06.06 08:34:26.659,15.43606,15.43922,0.00,0.00
2011.06.06 08:34:26.769,15.43593,15.4391,0.00,0.00
2011.06.06 08:34:28.288,15.43582,15.4393,0.00,0.00
2011.06.06 08:34:28.508,15.43581,15.43947,0.00,0.00
2011.06.06 08:34:32.148,15.43564,15.43962,0.00,0.00
2011.06.06 08:34:32.258,15.43579,15.43927,0.00,0.00
2011.06.06 08:34:33.021,15.43556,15.4393,0.00,0.00
2011.06.06 08:34:33.919,15.43543,15.43911,0.00,0.00
2011.06.06 08:34:34.243,15.43485,15.43889,0.00,0.00
2011.06.06 08:34:36.600,15.43486,15.43786,0.00,0.00
2011.06.06 08:34:36.819,15.43418,15.43794,0.00,0.00
2011.06.06 08:34:37.718,15.43417,15.43765,0.00,0.00
2011.06.06 08:34:43.658,15.43429,15.43733,0.00,0.00
2011.06.06 08:34:54.132,15.43422,15.43756,0.00,0.00
2011.06.06 08:34:56.449,15.43419,15.43797,0.00,0.00
2011.06.06 08:34:56.558,15.43447,15.43781,0.00,0.00
2011.06.06 08:35:00.803,15.43469,15.43783,0.00,0.00
2011.06.06 08:35:04.959,15.43453,15.43817,0.00,0.00
2011.06.06 08:35:07.119,15.43456,15.43813,0.00,0.00
2011.06.06 08:35:07.650,15.43426,15.43814,0.00,0.00
2011.06.06 08:35:08.319,15.43438,15.43775,0.00,0.00
2011.06.06 08:35:08.747,15.43421,15.43777,0.00,0.00
2011.06.06 08:35:12.069,15.43417,15.43781,0.00,0.00
2011.06.06 08:35:12.229,15.43433,15.43777,0.00,0.00
2011.06.06 08:35:13.843,15.43444,15.43768,0.00,0.00
2011.06.06 08:35:23.783,15.43422,15.43776,0.00,0.00
2011.06.06 08:35:29.552,15.43405,15.43779,0.00,0.00
2011.06.06 08:35:30.057,15.43398,15.43766,0.00,0.00
2011.06.06 08:35:30.529,15.43371,15.43769,0.00,0.00
2011.06.06 08:35:32.602,15.43388,15.43742,0.00,0.00
2011.06.06 08:35:36.390,15.43378,15.43774,0.00,0.00
2011.06.06 08:35:36.499,15.43401,15.43775,0.00,0.00
2011.06.06 08:35:40.534,15.43426,15.4378,0.00,0.00
2011.06.06 08:35:42.262,15.43463,15.43787,0.00,0.00
2011.06.06 08:35:43.693,15.43489,15.43826,0.00,0.00
2011.06.06 08:35:43.800,15.43511,15.43859,0.00,0.00
2011.06.06 08:35:44.019,15.43525,15.43869,0.00,0.00
2011.06.06 08:35:44.499,15.43523,15.43869,0.00,0.00
2011.06.06 08:35:46.633,15.4352,15.43846,0.00,0.00
2011.06.06 08:35:47.090,15.43465,15.43859,0.00,0.00
2011.06.06 08:35:48.449,15.43466,15.43823,0.00,0.00
2011.06.06 08:35:48.559,15.43443,15.43829,0.00,0.00
2011.06.06 08:35:52.021,15.43439,15.43833,0.00,0.00
2011.06.06 08:35:52.129,15.43457,15.43821,0.00,0.00
2011.06.06 08:35:52.460,15.43457,15.43814,0.00,0.00
2011.06.06 08:35:52.569,15.43438,15.43826,0.00,0.00
2011.06.06 08:35:53.500,15.43436,15.4383,0.00,0.00
2011.06.06 08:35:53.610,15.43449,15.43846,0.00,0.00
2011.06.06 08:35:54.720,15.4352,15.43828,0.00,0.00
2011.06.06 08:35:54.939,15.43527,15.43864,0.00,0.00
2011.06.06 08:35:55.049,15.4355,15.43898,0.00,0.00
2011.06.06 08:35:55.489,15.43557,15.43941,0.00,0.00
2011.06.06 08:35:56.319,15.43571,15.43919,0.00,0.00
2011.06.06 08:35:56.429,15.43536,15.4393,0.00,0.00
2011.06.06 08:36:12.297,15.43523,15.43911,0.00,0.00
2011.06.06 08:36:12.629,15.43516,15.43874,0.00,0.00
2011.06.06 08:36:12.740,15.43483,15.43877,0.00,0.00
2011.06.06 08:36:13.532,15.43505,15.43879,0.00,0.00
2011.06.06 08:36:14.099,15.43573,15.43873,0.00,0.00
2011.06.06 08:36:14.209,15.43556,15.43922,0.00,0.00
2011.06.06 08:36:14.318,15.43527,15.43941,0.00,0.00
2011.06.06 08:36:14.736,15.43527,15.43925,0.00,0.00
2011.06.06 08:36:15.653,15.43533,15.43927,0.00,0.00
2011.06.06 08:36:18.450,15.43569,15.43913,0.00,0.00
2011.06.06 08:36:18.765,15.43583,15.43919,0.00,0.00
2011.06.06 08:36:18.887,15.43581,15.43949,0.00,0.00
2011.06.06 08:36:19.970,15.43579,15.43975,0.00,0.00
2011.06.06 08:36:20.513,15.43596,15.4396,0.00,0.00
2011.06.06 08:36:24.649,15.43564,15.43972,0.00,0.00
2011.06.06 08:36:25.102,15.43565,15.43949,0.00,0.00
2011.06.06 08:36:26.660,15.43565,15.43929,0.00,0.00
2011.06.06 08:36:29.349,15.43553,15.4391,0.00,0.00
2011.06.06 08:36:29.486,15.43508,15.43922,0.00,0.00
2011.06.06 08:36:30.582,15.43507,15.43901,0.00,0.00
2011.06.06 08:36:31.454,15.43494,15.4391,0.00,0.00
2011.06.06 08:36:31.569,15.43529,15.43897,0.00,0.00
2011.06.06 08:36:31.681,15.43535,15.43921,0.00,0.00
2011.06.06 08:36:40.428,15.43548,15.43942,0.00,0.00
2011.06.06 08:36:40.680,15.4357,15.43936,0.00,0.00
2011.06.06 08:37:01.713,15.43554,15.43928,0.00,0.00
2011.06.06 08:37:01.819,15.43524,15.43912,0.00,0.00
2011.06.06 08:37:01.928,15.43489,15.43913,0.00,0.00
2011.06.06 08:37:03.472,15.43502,15.43896,0.00,0.00
2011.06.06 08:37:16.039,15.43515,15.43903,0.00,0.00
2011.06.06 08:37:16.293,15.43517,15.43927,0.00,0.00
2011.06.06 08:37:18.310,15.43547,15.43941,0.00,0.00
2011.06.06 08:37:18.529,15.43566,15.43974,0.00,0.00
2011.06.06 08:37:18.932,15.43585,15.43989,0.00,0.00
2011.06.06 08:37:20.738,15.43601,15.44005,0.00,0.00
2011.06.06 08:37:21.777,15.43628,15.44004,0.00,0.00
2011.06.06 08:37:21.889,15.43625,15.44019,0.00,0.00
2011.06.06 08:37:23.593,15.43624,15.44012,0.00,0.00
2011.06.06 08:37:24.057,15.43602,15.44006,0.00,0.00
2011.06.06 08:37:26.601,15.43605,15.43979,0.00,0.00
2011.06.06 08:37:27.929,15.43581,15.43977,0.00,0.00
2011.06.06 08:37:28.038,15.43565,15.43961,0.00,0.00
2011.06.06 08:37:28.381,15.43558,15.43942,0.00,0.00
2011.06.06 08:37:29.808,15.43533,15.43947,0.00,0.00
2011.06.06 08:37:30.900,15.43526,15.4392,0.00,0.00
2011.06.06 08:37:45.129,15.43488,15.43896,0.00,0.00
2011.06.06 08:37:45.627,15.43446,15.43854,0.00,0.00
2011.06.06 08:37:46.029,15.43442,15.43816,0.00,0.00
2011.06.06 08:37:46.560,15.43425,15.43819,0.00,0.00
2011.06.06 08:37:47.783,15.43416,15.43813,0.00,0.00
2011.06.06 08:37:47.999,15.4341,15.43784,0.00,0.00
2011.06.06 08:38:04.009,15.43416,15.43744,0.00,0.00
2011.06.06 08:38:04.119,15.43387,15.43763,0.00,0.00
2011.06.06 08:38:04.229,15.43379,15.43763,0.00,0.00
2011.06.06 08:38:07.929,15.43387,15.43764,0.00,0.00
2011.06.06 08:38:08.329,15.43395,15.43779,0.00,0.00
2011.06.06 08:38:09.882,15.43394,15.43808,0.00,0.00
2011.06.06 08:38:09.989,15.43427,15.43803,0.00,0.00
2011.06.06 08:38:10.209,15.43428,15.43824,0.00,0.00
2011.06.06 08:38:10.624,15.43444,15.43828,0.00,0.00
2011.06.06 08:38:14.612,15.43432,15.43846,0.00,0.00
2011.06.06 08:38:14.719,15.43442,15.43839,0.00,0.00
2011.06.06 08:38:15.049,15.4347,15.43816,0.00,0.00
2011.06.06 08:38:18.193,15.43451,15.43835,0.00,0.00
2011.06.06 08:38:18.299,15.43437,15.43851,0.00,0.00
2011.06.06 08:38:18.519,15.43426,15.43852,0.00,0.00
2011.06.06 08:38:20.149,15.43447,15.43835,0.00,0.00
2011.06.06 08:38:29.162,15.43476,15.4384,0.00,0.00
2011.06.06 08:38:31.189,15.43505,15.43853,0.00,0.00
2011.06.06 08:38:31.409,15.43509,15.43867,0.00,0.00
2011.06.06 08:38:40.448,15.43498,15.43872,0.00,0.00
2011.06.06 08:38:40.779,15.43485,15.43869,0.00,0.00
2011.06.06 08:38:40.999,15.43471,15.43859,0.00,0.00
2011.06.06 08:38:41.599,15.43432,15.43866,0.00,0.00
2011.06.06 08:38:41.710,15.43436,15.43832,0.00,0.00
2011.06.06 08:38:42.049,15.43444,15.43812,0.00,0.00
2011.06.06 08:38:43.842,15.43438,15.43822,0.00,0.00
2011.06.06 08:38:48.801,15.43445,15.43822,0.00,0.00
2011.06.06 08:38:50.344,15.43454,15.4382,0.00,0.00
2011.06.06 08:38:50.700,15.43458,15.43832,0.00,0.00
2011.06.06 08:38:51.002,15.43486,15.4383,0.00,0.00
2011.06.06 08:38:51.382,15.43517,15.43825,0.00,0.00
2011.06.06 08:38:51.750,15.43492,15.43851,0.00,0.00
2011.06.06 08:38:52.063,15.43479,15.43816,0.00,0.00
2011.06.06 08:38:52.279,15.43436,15.4383,0.00,0.00
2011.06.06 08:38:55.101,15.43444,15.43821,0.00,0.00
2011.06.06 08:38:55.211,15.43446,15.4383,0.00,0.00
2011.06.06 08:38:56.320,15.43466,15.4383,0.00,0.00
2011.06.06 08:38:56.913,15.43493,15.43837,0.00,0.00
2011.06.06 08:38:57.129,15.43497,15.43855,0.00,0.00
2011.06.06 08:39:20.652,15.43474,15.4386,0.00,0.00
2011.06.06 08:39:20.979,15.43435,15.43871,0.00,0.00
2011.06.06 08:39:21.412,15.43436,15.4384,0.00,0.00
2011.06.06 08:39:21.920,15.43432,15.4382,0.00,0.00
2011.06.06 08:39:22.140,15.43426,15.4382,0.00,0.00
2011.06.06 08:39:22.360,15.43438,15.43824,0.00,0.00
2011.06.06 08:39:22.709,15.43429,15.43853,0.00,0.00
2011.06.06 08:39:22.947,15.43444,15.43848,0.00,0.00
2011.06.06 08:39:24.530,15.43463,15.43837,0.00,0.00
2011.06.06 08:39:28.834,15.43493,15.43841,0.00,0.00
2011.06.06 08:39:29.049,15.43519,15.43877,0.00,0.00
2011.06.06 08:39:29.640,15.43581,15.43905,0.00,0.00
2011.06.06 08:39:30.313,15.43633,15.43933,0.00,0.00
2011.06.06 08:39:30.486,15.43656,15.43956,0.00,0.00
2011.06.06 08:39:30.599,15.43662,15.44008,0.00,0.00
2011.06.06 08:39:30.819,15.43699,15.43999,0.00,0.00
2011.06.06 08:39:31.364,15.43712,15.44012,0.00,0.00
2011.06.06 08:39:32.055,15.43734,15.44034,0.00,0.00
2011.06.06 08:39:32.391,15.4375,15.4405,0.00,0.00
2011.06.06 08:39:32.501,15.4377,15.4407,0.00,0.00
2011.06.06 08:39:32.608,15.43749,15.44087,0.00,0.00
2011.06.06 08:39:33.461,15.43769,15.44069,0.00,0.00
2011.06.06 08:39:33.681,15.43795,15.44095,0.00,0.00
2011.06.06 08:39:34.346,15.43798,15.44098,0.00,0.00
2011.06.06 08:39:34.465,15.43787,15.44087,0.00,0.00
2011.06.06 08:39:34.579,15.43775,15.44089,0.00,0.00
2011.06.06 08:39:34.972,15.4377,15.4407,0.00,0.00
2011.06.06 08:39:35.949,15.43767,15.44067,0.00,0.00
2011.06.06 08:39:38.879,15.43777,15.44077,0.00,0.00
2011.06.06 08:39:39.795,15.43815,15.44115,0.00,0.00
2011.06.06 08:39:44.611,15.43822,15.44177,0.00,0.00
2011.06.06 08:39:44.720,15.43879,15.44205,0.00,0.00
2011.06.06 08:39:44.831,15.43929,15.44246,0.00,0.00
2011.06.06 08:39:47.799,15.43942,15.44264,0.00,0.00
2011.06.06 08:39:48.020,15.43917,15.44254,0.00,0.00
2011.06.06 08:39:48.156,15.43887,15.44251,0.00,0.00
2011.06.06 08:39:59.578,15.43907,15.44255,0.00,0.00
2011.06.06 08:39:59.800,15.43909,15.44307,0.00,0.00
2011.06.06 08:40:01.250,15.43934,15.44331,0.00,0.00
2011.06.06 08:40:03.139,15.43989,15.44337,0.00,0.00
2011.06.06 08:40:03.559,15.44026,15.44374,0.00,0.00
2011.06.06 08:40:04.843,15.44019,15.44437,0.00,0.00
2011.06.06 08:40:05.382,15.44049,15.44443,0.00,0.00
2011.06.06 08:40:05.814,15.44071,15.44439,0.00,0.00
2011.06.06 08:40:07.173,15.44096,15.44442,0.00,0.00
2011.06.06 08:40:07.615,15.44146,15.44452,0.00,0.00
2011.06.06 08:40:07.737,15.44174,15.44511,0.00,0.00
2011.06.06 08:40:07.852,15.44181,15.44583,0.00,0.00
2011.06.06 08:40:07.962,15.44248,15.44583,0.00,0.00
2011.06.06 08:40:08.562,15.44266,15.44612,0.00,0.00
2011.06.06 08:40:09.582,15.44277,15.44621,0.00,0.00
2011.06.06 08:40:10.684,15.44278,15.44624,0.00,0.00
2011.06.06 08:40:10.892,15.44273,15.44627,0.00,0.00
2011.06.06 08:40:13.173,15.44271,15.44635,0.00,0.00
2011.06.06 08:40:13.280,15.44257,15.44663,0.00,0.00
2011.06.06 08:40:14.167,15.44266,15.4466,0.00,0.00
2011.06.06 08:40:14.550,15.44281,15.44658,0.00,0.00
2011.06.06 08:40:14.769,15.44278,15.44672,0.00,0.00
2011.06.06 08:40:15.409,15.44281,15.44668,0.00,0.00
2011.06.06 08:40:15.761,15.44275,15.44659,0.00,0.00
2011.06.06 08:40:17.682,15.44279,15.44623,0.00,0.00
2011.06.06 08:40:20.850,15.44233,15.44627,0.00,0.00
2011.06.06 08:40:21.400,15.44232,15.44582,0.00,0.00
2011.06.06 08:40:21.509,15.44188,15.44588,0.00,0.00
2011.06.06 08:40:21.619,15.44187,15.44563,0.00,0.00
2011.06.06 08:40:21.729,15.44166,15.44562,0.00,0.00
2011.06.06 08:40:22.093,15.44161,15.44545,0.00,0.00
2011.06.06 08:40:22.474,15.44138,15.44552,0.00,0.00
2011.06.06 08:40:24.540,15.44188,15.44505,0.00,0.00
2011.06.06 08:40:24.759,15.44182,15.4453,0.00,0.00
2011.06.06 08:40:25.529,15.442,15.44557,0.00,0.00
2011.06.06 08:40:25.800,15.44217,15.44613,0.00,0.00
2011.06.06 08:40:25.911,15.44267,15.44615,0.00,0.00
2011.06.06 08:40:26.165,15.44267,15.44635,0.00,0.00
2011.06.06 08:40:27.811,15.44289,15.44626,0.00,0.00
2011.06.06 08:40:27.959,15.44277,15.44655,0.00,0.00
2011.06.06 08:40:28.210,15.44265,15.44673,0.00,0.00
2011.06.06 08:40:28.722,15.4428,15.44646,0.00,0.00
2011.06.06 08:40:32.622,15.44288,15.44634,0.00,0.00
2011.06.06 08:40:35.569,15.44279,15.44647,0.00,0.00
2011.06.06 08:40:35.679,15.44274,15.44651,0.00,0.00
2011.06.06 08:40:37.179,15.44255,15.44649,0.00,0.00
2011.06.06 08:40:37.289,15.44233,15.44627,0.00,0.00
2011.06.06 08:40:37.669,15.44231,15.44575,0.00,0.00
2011.06.06 08:40:38.103,15.44216,15.4454,0.00,0.00
2011.06.06 08:40:39.087,15.44183,15.4452,0.00,0.00
2011.06.06 08:40:39.329,15.44134,15.4452,0.00,0.00
2011.06.06 08:40:41.160,15.44123,15.44487,0.00,0.00
2011.06.06 08:40:41.380,15.44082,15.44488,0.00,0.00
2011.06.06 08:40:41.851,15.44085,15.44453,0.00,0.00
2011.06.06 08:40:42.990,15.44091,15.44439,0.00,0.00
2011.06.06 08:40:45.076,15.44089,15.44467,0.00,0.00
2011.06.06 08:40:46.084,15.44136,15.44462,0.00,0.00
2011.06.06 08:40:46.571,15.4416,15.44466,0.00,0.00
2011.06.06 08:40:46.679,15.44139,15.44496,0.00,0.00
2011.06.06 08:40:47.242,15.44136,15.44523,0.00,0.00
2011.06.06 08:40:47.569,15.44132,15.44548,0.00,0.00
2011.06.06 08:40:47.679,15.44159,15.44527,0.00,0.00
2011.06.06 08:40:48.879,15.44134,15.4453,0.00,0.00
2011.06.06 08:40:49.209,15.44122,15.44519,0.00,0.00
2011.06.06 08:40:49.650,15.44137,15.44501,0.00,0.00
2011.06.06 08:40:49.890,15.44141,15.44535,0.00,0.00
2011.06.06 08:40:50.003,15.44213,15.44521,0.00,0.00
2011.06.06 08:40:50.110,15.44199,15.44577,0.00,0.00
2011.06.06 08:40:50.946,15.44222,15.44598,0.00,0.00
2011.06.06 08:40:51.300,15.4428,15.44617,0.00,0.00
2011.06.06 08:40:51.519,15.44292,15.44638,0.00,0.00
2011.06.06 08:40:51.909,15.4428,15.44628,0.00,0.00
2011.06.06 08:40:54.099,15.44275,15.44601,0.00,0.00
2011.06.06 08:40:54.209,15.44226,15.44602,0.00,0.00
2011.06.06 08:40:54.870,15.44189,15.44593,0.00,0.00
2011.06.06 08:40:55.529,15.44188,15.44564,0.00,0.00
2011.06.06 08:40:57.565,15.44173,15.44557,0.00,0.00
2011.06.06 08:40:57.680,15.44154,15.44548,0.00,0.00
2011.06.06 08:40:57.791,15.44134,15.4453,0.00,0.00
2011.06.06 08:40:58.301,15.44145,15.44502,0.00,0.00
2011.06.06 08:41:00.009,15.44139,15.44525,0.00,0.00
2011.06.06 08:41:01.509,15.44178,15.44514,0.00,0.00
2011.06.06 08:41:01.619,15.44178,15.44534,0.00,0.00
2011.06.06 08:41:03.261,15.44171,15.44559,0.00,0.00
2011.06.06 08:41:04.699,15.4419,15.44547,0.00,0.00
2011.06.06 08:41:06.034,15.44216,15.44524,0.00,0.00
2011.06.06 08:41:06.310,15.44192,15.44548,0.00,0.00
2011.06.06 08:41:06.420,15.44184,15.44572,0.00,0.00
2011.06.06 08:41:09.561,15.44207,15.44551,0.00,0.00
2011.06.06 08:41:16.093,15.44204,15.44518,0.00,0.00
2011.06.06 08:41:17.738,15.4415,15.44527,0.00,0.00
2011.06.06 08:41:17.850,15.44145,15.44522,0.00,0.00
2011.06.06 08:41:18.749,15.44178,15.44504,0.00,0.00
2011.06.06 08:41:19.701,15.44168,15.44516,0.00,0.00
2011.06.06 08:41:21.099,15.44176,15.44492,0.00,0.00
2011.06.06 08:41:21.260,15.44144,15.44512,0.00,0.00
2011.06.06 08:41:21.659,15.44166,15.4449,0.00,0.00
2011.06.06 08:41:21.989,15.44167,15.44471,0.00,0.00
2011.06.06 08:41:27.301,15.44135,15.44481,0.00,0.00
2011.06.06 08:41:43.352,15.4414,15.44466,0.00,0.00
2011.06.06 08:41:45.119,15.44134,15.44482,0.00,0.00
2011.06.06 08:41:48.161,15.44136,15.44502,0.00,0.00
2011.06.06 08:41:50.459,15.44142,15.44536,0.00,0.00
2011.06.06 08:41:52.001,15.44178,15.44554,0.00,0.00
2011.06.06 08:41:53.071,15.44224,15.4455,0.00,0.00
2011.06.06 08:41:53.401,15.44227,15.44573,0.00,0.00
2011.06.06 08:41:53.620,15.4422,15.44586,0.00,0.00
2011.06.06 08:41:54.870,15.44193,15.44587,0.00,0.00
2011.06.06 08:41:54.981,15.44183,15.4456,0.00,0.00
2011.06.06 08:41:55.890,15.44182,15.4453,0.00,0.00
2011.06.06 08:41:56.629,15.44186,15.44503,0.00,0.00
2011.06.06 08:41:57.709,15.4417,15.44494,0.00,0.00
2011.06.06 08:41:57.821,15.44119,15.44507,0.00,0.00
2011.06.06 08:41:58.359,15.44083,15.44491,0.00,0.00
2011.06.06 08:41:59.620,15.44078,15.44444,0.00,0.00
2011.06.06 08:42:10.490,15.4405,15.44434,0.00,0.00
2011.06.06 08:42:10.730,15.44071,15.44428,0.00,0.00
2011.06.06 08:42:11.077,15.44112,15.4444,0.00,0.00
2011.06.06 08:42:11.193,15.44108,15.44454,0.00,0.00
2011.06.06 08:42:11.410,15.44067,15.44463,0.00,0.00
2011.06.06 08:42:11.520,15.44058,15.44432,0.00,0.00
2011.06.06 08:42:12.381,15.44049,15.44425,0.00,0.00
2011.06.06 08:42:12.520,15.44083,15.44411,0.00,0.00
2011.06.06 08:42:12.629,15.44091,15.44447,0.00,0.00
2011.06.06 08:42:14.103,15.44164,15.4447,0.00,0.00
2011.06.06 08:42:15.400,15.44207,15.44515,0.00,0.00
2011.06.06 08:42:16.167,15.44217,15.44517,0.00,0.00
2011.06.06 08:42:16.473,15.44208,15.44514,0.00,0.00
2011.06.06 08:42:16.691,15.4418,15.44517,0.00,0.00
2011.06.06 08:42:18.553,15.44193,15.44497,0.00,0.00
2011.06.06 08:42:22.319,15.44188,15.44532,0.00,0.00
2011.06.06 08:42:22.539,15.44236,15.4454,0.00,0.00
2011.06.06 08:42:23.272,15.44232,15.44599,0.00,0.00
2011.06.06 08:42:24.460,15.44233,15.44619,0.00,0.00
2011.06.06 08:42:25.195,15.44258,15.44615,0.00,0.00
2011.06.06 08:42:27.873,15.4426,15.44636,0.00,0.00
2011.06.06 08:42:28.089,15.44272,15.4465,0.00,0.00
2011.06.06 08:42:28.199,15.44291,15.44625,0.00,0.00
2011.06.06 08:42:34.730,15.4428,15.44606,0.00,0.00
2011.06.06 08:42:35.621,15.44263,15.44563,0.00,0.00
2011.06.06 08:42:38.382,15.44168,15.44574,0.00,0.00
2011.06.06 08:42:38.601,15.44143,15.445,0.00,0.00
2011.06.06 08:42:41.501,15.44097,15.44425,0.00,0.00
2011.06.06 08:42:42.020,15.44051,15.44377,0.00,0.00
2011.06.06 08:42:43.441,15.44032,15.44336,0.00,0.00
2011.06.06 08:42:43.552,15.44001,15.44305,0.00,0.00
2011.06.06 08:42:43.666,15.4395,15.44286,0.00,0.00
2011.06.06 08:42:43.784,15.4391,15.44294,0.00,0.00
2011.06.06 08:42:43.890,15.43895,15.44299,0.00,0.00
2011.06.06 08:42:44.323,15.43886,15.4429,0.00,0.00
2011.06.06 08:42:48.630,15.43882,15.44276,0.00,0.00
2011.06.06 08:42:49.129,15.43875,15.44261,0.00,0.00
2011.06.06 08:42:50.232,15.43877,15.44223,0.00,0.00
2011.06.06 08:42:52.239,15.43838,15.44226,0.00,0.00
2011.06.06 08:42:52.461,15.43829,15.44213,0.00,0.00
2011.06.06 08:42:52.762,15.43859,15.44213,0.00,0.00
2011.06.06 08:43:00.331,15.43914,15.44222,0.00,0.00
2011.06.06 08:43:00.550,15.43876,15.443,0.00,0.00
2011.06.06 08:43:01.252,15.43892,15.44296,0.00,0.00
2011.06.06 08:43:02.409,15.439,15.44284,0.00,0.00
2011.06.06 08:43:03.401,15.43906,15.44293,0.00,0.00
2011.06.06 08:43:03.513,15.43975,15.44275,0.00,0.00
2011.06.06 08:43:03.622,15.43976,15.44322,0.00,0.00
2011.06.06 08:43:03.982,15.44007,15.44331,0.00,0.00
2011.06.06 08:43:04.569,15.43981,15.44375,0.00,0.00
2011.06.06 08:43:07.227,15.43979,15.44367,0.00,0.00
2011.06.06 08:43:08.021,15.43989,15.44355,0.00,0.00
2011.06.06 08:43:08.631,15.43981,15.44369,0.00,0.00
2011.06.06 08:43:09.621,15.43999,15.44343,0.00,0.00
2011.06.06 08:43:12.252,15.43973,15.44331,0.00,0.00
2011.06.06 08:43:12.359,15.43957,15.44313,0.00,0.00
2011.06.06 08:43:12.580,15.43944,15.44318,0.00,0.00
2011.06.06 08:43:17.571,15.43961,15.44349,0.00,0.00
2011.06.06 08:43:17.797,15.44039,15.44339,0.00,0.00
2011.06.06 08:43:18.721,15.44043,15.44343,0.00,0.00
2011.06.06 08:43:20.073,15.44037,15.44337,0.00,0.00
2011.06.06 08:43:20.692,15.44057,15.44357,0.00,0.00
2011.06.06 08:43:20.801,15.44093,15.44393,0.00,0.00
2011.06.06 08:43:21.272,15.44119,15.44419,0.00,0.00
2011.06.06 08:43:23.219,15.44144,15.44444,0.00,0.00
2011.06.06 08:43:23.331,15.44133,15.44521,0.00,0.00
2011.06.06 08:43:23.770,15.44158,15.44544,0.00,0.00
2011.06.06 08:43:23.882,15.44189,15.44533,0.00,0.00
2011.06.06 08:43:24.100,15.44212,15.44536,0.00,0.00
2011.06.06 08:43:24.210,15.44213,15.4455,0.00,0.00
2011.06.06 08:43:24.430,15.44184,15.4456,0.00,0.00
2011.06.06 08:43:24.649,15.44191,15.44517,0.00,0.00
2011.06.06 08:43:24.870,15.4415,15.44527,0.00,0.00
2011.06.06 08:43:25.420,15.44126,15.44522,0.00,0.00
2011.06.06 08:43:26.557,15.44108,15.44502,0.00,0.00
2011.06.06 08:43:26.781,15.44083,15.44469,0.00,0.00
2011.06.06 08:43:27.152,15.44077,15.44433,0.00,0.00
2011.06.06 08:43:27.260,15.44053,15.44447,0.00,0.00
2011.06.06 08:43:27.479,15.4406,15.44454,0.00,0.00
2011.06.06 08:43:28.381,15.4407,15.44466,0.00,0.00
2011.06.06 08:43:29.160,15.44079,15.44477,0.00,0.00
2011.06.06 08:43:30.221,15.44095,15.44469,0.00,0.00
2011.06.06 08:43:31.089,15.44091,15.44457,0.00,0.00
2011.06.06 08:43:31.309,15.44037,15.44475,0.00,0.00
2011.06.06 08:43:31.741,15.44037,15.44451,0.00,0.00
2011.06.06 08:43:33.591,15.44047,15.44441,0.00,0.00
2011.06.06 08:43:33.940,15.4408,15.44426,0.00,0.00
2011.06.06 08:43:34.049,15.44084,15.44452,0.00,0.00
2011.06.06 08:43:34.482,15.44127,15.44444,0.00,0.00
2011.06.06 08:43:34.590,15.44132,15.44469,0.00,0.00
2011.06.06 08:43:44.061,15.44132,15.44509,0.00,0.00
2011.06.06 08:43:44.169,15.44173,15.44499,0.00,0.00
2011.06.06 08:43:44.971,15.44165,15.44513,0.00,0.00
2011.06.06 08:43:45.382,15.44123,15.4452,0.00,0.00
2011.06.06 08:43:46.842,15.44094,15.4446,0.00,0.00
2011.06.06 08:43:50.691,15.44048,15.44403,0.00,0.00
2011.06.06 08:43:50.800,15.44021,15.44389,0.00,0.00
2011.06.06 08:43:50.999,15.44036,15.44362,0.00,0.00
2011.06.06 08:43:51.302,15.44008,15.44364,0.00,0.00
2011.06.06 08:43:51.629,15.4397,15.44356,0.00,0.00
2011.06.06 08:43:52.021,15.43942,15.44328,0.00,0.00
2011.06.06 08:43:52.880,15.43934,15.443,0.00,0.00
2011.06.06 08:43:57.410,15.43923,15.44271,0.00,0.00
2011.06.06 08:44:03.062,15.43912,15.44216,0.00,0.00
2011.06.06 08:44:03.350,15.43876,15.4418,0.00,0.00
2011.06.06 08:44:03.459,15.43812,15.44208,0.00,0.00
2011.06.06 08:44:03.569,15.43805,15.44222,0.00,0.00
2011.06.06 08:44:04.160,15.43826,15.44202,0.00,0.00
2011.06.06 08:44:07.360,15.43837,15.44163,0.00,0.00
2011.06.06 08:44:07.581,15.4379,15.44178,0.00,0.00
2011.06.06 08:44:08.300,15.43773,15.44181,0.00,0.00
2011.06.06 08:44:11.258,15.43781,15.44178,0.00,0.00
2011.06.06 08:44:12.410,15.43793,15.44187,0.00,0.00
2011.06.06 08:44:12.739,15.43835,15.44179,0.00,0.00
2011.06.06 08:44:13.079,15.43828,15.44222,0.00,0.00
2011.06.06 08:44:13.189,15.43849,15.44213,0.00,0.00
2011.06.06 08:44:17.351,15.43824,15.44222,0.00,0.00
2011.06.06 08:44:24.551,15.43822,15.4419,0.00,0.00
2011.06.06 08:44:24.771,15.43798,15.44186,0.00,0.00
2011.06.06 08:44:25.211,15.43809,15.44177,0.00,0.00
2011.06.06 08:44:26.350,15.43805,15.44199,0.00,0.00
2011.06.06 08:44:26.571,15.43818,15.44212,0.00,0.00
2011.06.06 08:44:26.960,15.43842,15.44236,0.00,0.00
2011.06.06 08:44:27.310,15.43913,15.44247,0.00,0.00
2011.06.06 08:44:27.531,15.43949,15.44297,0.00,0.00
2011.06.06 08:44:28.031,15.43973,15.44321,0.00,0.00
2011.06.06 08:44:28.360,15.43998,15.44322,0.00,0.00
2011.06.06 08:44:29.029,15.44003,15.44307,0.00,0.00
2011.06.06 08:44:33.431,15.43944,15.44308,0.00,0.00
2011.06.06 08:44:33.650,15.43891,15.44295,0.00,0.00
2011.06.06 08:44:33.760,15.43864,15.44298,0.00,0.00
2011.06.06 08:44:33.870,15.43896,15.4428,0.00,0.00
2011.06.06 08:44:34.830,15.43924,15.44288,0.00,0.00
2011.06.06 08:44:39.041,15.43938,15.44322,0.00,0.00
2011.06.06 08:44:39.543,15.43978,15.44322,0.00,0.00
2011.06.06 08:44:41.600,15.44005,15.44329,0.00,0.00
2011.06.06 08:44:41.819,15.43986,15.4436,0.00,0.00
2011.06.06 08:44:42.962,15.43968,15.44352,0.00,0.00
2011.06.06 08:44:43.180,15.43952,15.44326,0.00,0.00
2011.06.06 08:44:43.400,15.43932,15.44326,0.00,0.00
2011.06.06 08:44:43.912,15.43928,15.44316,0.00,0.00
2011.06.06 08:44:44.240,15.43937,15.44305,0.00,0.00
2011.06.06 08:44:44.417,15.43929,15.44317,0.00,0.00
2011.06.06 08:44:44.640,15.43937,15.44321,0.00,0.00
2011.06.06 08:44:45.021,15.43927,15.44341,0.00,0.00
2011.06.06 08:44:45.587,15.43947,15.44341,0.00,0.00
2011.06.06 08:44:45.981,15.43956,15.4436,0.00,0.00
2011.06.06 08:44:46.089,15.43971,15.44357,0.00,0.00
2011.06.06 08:44:48.460,15.43973,15.44341,0.00,0.00
2011.06.06 08:44:48.570,15.43944,15.44348,0.00,0.00
2011.06.06 08:44:50.642,15.43945,15.44329,0.00,0.00
2011.06.06 08:45:04.867,15.43943,15.44331,0.00,0.00
2011.06.06 08:45:05.740,15.43967,15.44351,0.00,0.00
2011.06.06 08:45:06.177,15.44024,15.44372,0.00,0.00
2011.06.06 08:45:10.911,15.44065,15.44391,0.00,0.00
2011.06.06 08:45:11.021,15.44064,15.44412,0.00,0.00
2011.06.06 08:45:11.530,15.44074,15.4439,0.00,0.00
2011.06.06 08:45:13.909,15.44043,15.44409,0.00,0.00
2011.06.06 08:45:14.020,15.4402,15.44428,0.00,0.00
2011.06.06 08:45:15.012,15.44041,15.44407,0.00,0.00
2011.06.06 08:45:19.911,15.44031,15.44428,0.00,0.00
2011.06.06 08:45:20.790,15.44044,15.44418,0.00,0.00
2011.06.06 08:45:24.200,15.44039,15.44425,0.00,0.00
2011.06.06 08:45:25.240,15.44046,15.4443,0.00,0.00
2011.06.06 08:45:31.301,15.44071,15.44425,0.00,0.00
2011.06.06 08:45:31.999,15.44086,15.44434,0.00,0.00
2011.06.06 08:45:32.110,15.44081,15.44469,0.00,0.00
2011.06.06 08:45:32.663,15.4412,15.44457,0.00,0.00
2011.06.06 08:45:33.474,15.44145,15.44461,0.00,0.00
2011.06.06 08:45:34.430,15.44176,15.44476,0.00,0.00
2011.06.06 08:45:34.541,15.44173,15.44509,0.00,0.00
2011.06.06 08:45:37.064,15.44165,15.44521,0.00,0.00
2011.06.06 08:45:37.390,15.44128,15.44536,0.00,0.00
2011.06.06 08:45:37.720,15.4413,15.44507,0.00,0.00
2011.06.06 08:45:39.510,15.44134,15.44482,0.00,0.00
2011.06.06 08:45:41.097,15.44144,15.4447,0.00,0.00
2011.06.06 08:45:41.372,15.44157,15.44503,0.00,0.00
2011.06.06 08:45:41.483,15.44217,15.44517,0.00,0.00
2011.06.06 08:45:41.590,15.44229,15.44566,0.00,0.00
2011.06.06 08:45:42.241,15.44266,15.44566,0.00,0.00
2011.06.06 08:45:42.351,15.44253,15.4457,0.00,0.00
2011.06.06 08:45:43.611,15.44198,15.446,0.00,0.00
2011.06.06 08:45:44.020,15.44218,15.44566,0.00,0.00
2011.06.06 08:45:44.380,15.44212,15.44536,0.00,0.00
2011.06.06 08:45:44.856,15.44203,15.4452,0.00,0.00
2011.06.06 08:45:46.041,15.44202,15.44539,0.00,0.00
2011.06.06 08:45:46.150,15.44224,15.44524,0.00,0.00
2011.06.06 08:45:48.333,15.44203,15.44511,0.00,0.00
2011.06.06 08:45:54.990,15.44186,15.44523,0.00,0.00
2011.06.06 08:45:55.320,15.44182,15.44539,0.00,0.00
2011.06.06 08:45:57.081,15.44194,15.44562,0.00,0.00
2011.06.06 08:45:58.178,15.44243,15.4458,0.00,0.00
2011.06.06 08:46:00.595,15.44289,15.44589,0.00,0.00
2011.06.06 08:46:04.031,15.44261,15.44609,0.00,0.00
2011.06.06 08:46:04.250,15.44253,15.44567,0.00,0.00
2011.06.06 08:46:04.579,15.44184,15.4456,0.00,0.00
2011.06.06 08:46:04.978,15.44166,15.44542,0.00,0.00
2011.06.06 08:46:05.630,15.44192,15.44549,0.00,0.00
2011.06.06 08:46:07.479,15.44236,15.44564,0.00,0.00
2011.06.06 08:46:08.640,15.44245,15.44589,0.00,0.00
2011.06.06 08:46:08.860,15.44253,15.44557,0.00,0.00
2011.06.06 08:46:09.479,15.4422,15.44578,0.00,0.00
2011.06.06 08:46:14.833,15.4426,15.4456,0.00,0.00
2011.06.06 08:46:15.271,15.44249,15.44563,0.00,0.00
2011.06.06 08:46:16.939,15.44198,15.44604,0.00,0.00
2011.06.06 08:46:17.049,15.44247,15.44561,0.00,0.00
2011.06.06 08:46:17.160,15.44224,15.44558,0.00,0.00
2011.06.06 08:46:20.402,15.44216,15.4453,0.00,0.00
2011.06.06 08:46:21.761,15.44184,15.44521,0.00,0.00
2011.06.06 08:46:22.371,15.44165,15.44482,0.00,0.00
2011.06.06 08:46:31.331,15.44095,15.44443,0.00,0.00
2011.06.06 08:46:31.440,15.44027,15.44411,0.00,0.00
2011.06.06 08:46:31.662,15.4404,15.44374,0.00,0.00
2011.06.06 08:46:31.891,15.44015,15.44399,0.00,0.00
2011.06.06 08:46:32.069,15.4404,15.44386,0.00,0.00
2011.06.06 08:46:34.052,15.44081,15.44387,0.00,0.00
2011.06.06 08:46:34.270,15.44076,15.44432,0.00,0.00
2011.06.06 08:46:34.680,15.44083,15.4446,0.00,0.00
2011.06.06 08:46:35.011,15.44126,15.44454,0.00,0.00
2011.06.06 08:46:35.120,15.44129,15.44475,0.00,0.00
2011.06.06 08:46:37.061,15.44133,15.44501,0.00,0.00
2011.06.06 08:46:37.170,15.44136,15.44538,0.00,0.00
2011.06.06 08:46:37.820,15.44158,15.44554,0.00,0.00
2011.06.06 08:46:37.948,15.44196,15.44542,0.00,0.00
2011.06.06 08:46:38.840,15.44233,15.44539,0.00,0.00
2011.06.06 08:46:40.911,15.44234,15.44538,0.00,0.00
2011.06.06 08:46:41.241,15.44187,15.44534,0.00,0.00
2011.06.06 08:46:42.110,15.44182,15.44499,0.00,0.00
2011.06.06 08:46:42.830,15.44168,15.44504,0.00,0.00
2011.06.06 08:46:42.941,15.44191,15.44491,0.00,0.00
2011.06.06 08:46:43.791,15.44181,15.44485,0.00,0.00
2011.06.06 08:46:43.901,15.44178,15.44482,0.00,0.00
2011.06.06 08:46:44.450,15.44165,15.44489,0.00,0.00
2011.06.06 08:46:45.139,15.44158,15.44462,0.00,0.00
2011.06.06 08:46:47.410,15.44096,15.44492,0.00,0.00
2011.06.06 08:46:47.630,15.44114,15.44462,0.00,0.00
2011.06.06 08:46:47.740,15.44103,15.44427,0.00,0.00
2011.06.06 08:46:48.381,15.44048,15.44434,0.00,0.00
2011.06.06 08:46:54.240,15.44072,15.44428,0.00,0.00
2011.06.06 08:46:54.461,15.44108,15.44454,0.00,0.00
2011.06.06 08:46:54.570,15.44131,15.44435,0.00,0.00
2011.06.06 08:46:54.900,15.44073,15.44467,0.00,0.00
2011.06.06 08:46:55.619,15.44111,15.44425,0.00,0.00
2011.06.06 08:46:58.661,15.44107,15.44444,0.00,0.00
2011.06.06 08:46:58.880,15.44126,15.44474,0.00,0.00
2011.06.06 08:47:00.621,15.44173,15.44477,0.00,0.00
2011.06.06 08:47:10.300,15.44179,15.44525,0.00,0.00
2011.06.06 08:47:10.410,15.44219,15.44536,0.00,0.00
2011.06.06 08:47:10.520,15.44218,15.44555,0.00,0.00
2011.06.06 08:47:12.551,15.44237,15.44554,0.00,0.00
2011.06.06 08:47:12.990,15.44258,15.44586,0.00,0.00
