2011.12.06 22:00:00.356,17.28297,17.29337,0.00,0.00
2011.12.06 22:01:00.594,17.28597,17.29003,0.00,0.00
2011.12.06 22:01:01.409,17.28586,17.28972,0.00,0.00
2011.12.06 22:01:01.722,17.28545,17.28965,0.00,0.00
2011.12.06 22:01:01.951,17.28458,17.29002,0.00,0.00
2011.12.06 22:01:03.909,17.28501,17.28909,0.00,0.00
2011.12.06 22:01:04.401,17.28446,17.28914,0.00,0.00
2011.12.06 22:01:08.851,17.28431,17.28879,0.00,0.00
2011.12.06 22:01:08.971,17.28392,17.28868,0.00,0.00
2011.12.06 22:01:12.854,17.28392,17.28818,0.00,0.00
2011.12.06 22:01:14.884,17.28357,17.28803,0.00,0.00
2011.12.06 22:01:16.230,17.28355,17.28755,0.00,0.00
2011.12.06 22:01:16.551,17.28321,17.28739,0.00,0.00
2011.12.06 22:01:16.953,17.28271,17.28739,0.00,0.00
2011.12.06 22:01:17.071,17.28273,17.28687,0.00,0.00
2011.12.06 22:01:17.190,17.28278,17.28632,0.00,0.00
2011.12.06 22:01:17.462,17.28267,17.28593,0.00,0.00
2011.12.06 22:01:17.963,17.28216,17.28594,0.00,0.00
2011.12.06 22:01:18.184,17.28207,17.28553,0.00,0.00
2011.12.06 22:01:18.293,17.28142,17.28568,0.00,0.00
2011.12.06 22:01:19.173,17.28126,17.28534,0.00,0.00
2011.12.06 22:01:19.282,17.28077,17.28533,0.00,0.00
2011.12.06 22:01:19.613,17.28067,17.28493,0.00,0.00
2011.12.06 22:01:23.350,17.28057,17.28453,0.00,0.00
2011.12.06 22:01:23.832,17.28012,17.28448,0.00,0.00
2011.12.06 22:01:24.990,17.28007,17.28403,0.00,0.00
2011.12.06 22:01:25.104,17.27938,17.28404,0.00,0.00
2011.12.06 22:01:25.994,17.27894,17.2833,0.00,0.00
2011.12.06 22:01:26.104,17.27808,17.28284,0.00,0.00
2011.12.06 22:01:26.213,17.2782,17.2821,0.00,0.00
2011.12.06 22:01:26.324,17.27785,17.28225,0.00,0.00
2011.12.06 22:01:29.977,17.27811,17.28193,0.00,0.00
2011.12.06 22:01:30.854,17.27791,17.28209,0.00,0.00
2011.12.06 22:01:30.964,17.27781,17.28219,0.00,0.00
2011.12.06 22:01:34.762,17.27799,17.28201,0.00,0.00
2011.12.06 22:01:35.717,17.27814,17.28186,0.00,0.00
2011.12.06 22:01:38.113,17.27796,17.28204,0.00,0.00
2011.12.06 22:01:38.224,17.27806,17.28194,0.00,0.00
2011.12.06 22:01:38.334,17.27767,17.28233,0.00,0.00
2011.12.06 22:01:47.012,17.27787,17.28213,0.00,0.00
2011.12.06 22:01:49.051,17.27772,17.28228,0.00,0.00
2011.12.06 22:01:49.156,17.27742,17.28258,0.00,0.00
2011.12.06 22:01:49.500,17.27756,17.28244,0.00,0.00
2011.12.06 22:01:49.616,17.27764,17.28236,0.00,0.00
2011.12.06 22:01:52.400,17.27787,17.28213,0.00,0.00
2011.12.06 22:01:52.989,17.27803,17.28197,0.00,0.00
2011.12.06 22:01:53.107,17.27816,17.28184,0.00,0.00
2011.12.06 22:01:53.492,17.27792,17.28208,0.00,0.00
2011.12.06 22:01:58.024,17.27762,17.28238,0.00,0.00
2011.12.06 22:01:58.132,17.27799,17.28207,0.00,0.00
2011.12.06 22:01:58.245,17.27793,17.28239,0.00,0.00
2011.12.06 22:02:01.521,17.27807,17.28233,0.00,0.00
2011.12.06 22:02:01.638,17.27709,17.28263,0.00,0.00
2011.12.06 22:02:01.912,17.27672,17.28196,0.00,0.00
2011.12.06 22:02:02.023,17.27664,17.28126,0.00,0.00
2011.12.06 22:02:02.733,17.27656,17.28086,0.00,0.00
2011.12.06 22:02:02.843,17.27583,17.28157,0.00,0.00
2011.12.06 22:02:03.070,17.27667,17.28029,0.00,0.00
2011.12.06 22:02:03.183,17.27613,17.28007,0.00,0.00
2011.12.06 22:02:03.294,17.27603,17.27991,0.00,0.00
2011.12.06 22:02:03.412,17.27642,17.28,0.00,0.00
2011.12.06 22:02:03.522,17.27687,17.28025,0.00,0.00
2011.12.06 22:02:03.639,17.27632,17.28094,0.00,0.00
2011.12.06 22:02:04.350,17.27665,17.28069,0.00,0.00
2011.12.06 22:02:04.467,17.27649,17.28091,0.00,0.00
2011.12.06 22:02:04.584,17.2765,17.28032,0.00,0.00
2011.12.06 22:02:07.010,17.27628,17.28052,0.00,0.00
2011.12.06 22:02:07.630,17.27667,17.28061,0.00,0.00
2011.12.06 22:02:11.241,17.27685,17.28105,0.00,0.00
2011.12.06 22:02:11.400,17.2769,17.2813,0.00,0.00
2011.12.06 22:02:11.990,17.27711,17.28121,0.00,0.00
2011.12.06 22:02:13.806,17.277,17.28138,0.00,0.00
2011.12.06 22:02:15.253,17.27665,17.28155,0.00,0.00
2011.12.06 22:02:15.361,17.27614,17.28158,0.00,0.00
2011.12.06 22:02:15.471,17.27652,17.2811,0.00,0.00
2011.12.06 22:02:17.243,17.27671,17.28097,0.00,0.00
2011.12.06 22:02:17.471,17.27681,17.28023,0.00,0.00
2011.12.06 22:02:18.871,17.27601,17.28031,0.00,0.00
2011.12.06 22:02:20.360,17.27573,17.28023,0.00,0.00
2011.12.06 22:02:21.225,17.27555,17.28007,0.00,0.00
2011.12.06 22:02:21.622,17.27573,17.28005,0.00,0.00
2011.12.06 22:02:21.732,17.27628,17.2803,0.00,0.00
2011.12.06 22:02:22.063,17.27641,17.28111,0.00,0.00
2011.12.06 22:02:22.960,17.27662,17.28152,0.00,0.00
2011.12.06 22:02:23.190,17.27643,17.28183,0.00,0.00
2011.12.06 22:02:23.901,17.27654,17.28172,0.00,0.00
2011.12.06 22:02:24.122,17.27685,17.28163,0.00,0.00
2011.12.06 22:02:24.538,17.27682,17.28182,0.00,0.00
2011.12.06 22:02:24.658,17.27665,17.28191,0.00,0.00
2011.12.06 22:02:25.018,17.27667,17.28173,0.00,0.00
2011.12.06 22:02:25.182,17.27689,17.28135,0.00,0.00
2011.12.06 22:02:25.298,17.277,17.28106,0.00,0.00
2011.12.06 22:02:29.655,17.27659,17.28145,0.00,0.00
2011.12.06 22:02:38.743,17.27579,17.28177,0.00,0.00
2011.12.06 22:02:38.949,17.27682,17.2804,0.00,0.00
2011.12.06 22:02:40.935,17.27585,17.28157,0.00,0.00
2011.12.06 22:02:41.255,17.27593,17.28193,0.00,0.00
2011.12.06 22:02:41.365,17.276,17.282,0.00,0.00
2011.12.06 22:02:41.481,17.27672,17.28098,0.00,0.00
2011.12.06 22:02:41.994,17.27616,17.28126,0.00,0.00
2011.12.06 22:02:43.803,17.27595,17.28145,0.00,0.00
2011.12.06 22:02:45.033,17.27611,17.28127,0.00,0.00
2011.12.06 22:02:45.151,17.27723,17.28023,0.00,0.00
2011.12.06 22:02:55.989,17.27673,17.28121,0.00,0.00
2011.12.06 22:02:56.809,17.27721,17.28143,0.00,0.00
2011.12.06 22:02:56.994,17.27796,17.28156,0.00,0.00
2011.12.06 22:03:00.588,17.27831,17.28211,0.00,0.00
2011.12.06 22:03:01.031,17.27817,17.28263,0.00,0.00
2011.12.06 22:03:01.358,17.27855,17.28237,0.00,0.00
2011.12.06 22:03:01.478,17.27871,17.28227,0.00,0.00
2011.12.06 22:03:01.796,17.2782,17.2828,0.00,0.00
2011.12.06 22:03:06.113,17.2781,17.2829,0.00,0.00
2011.12.06 22:03:10.770,17.27849,17.28251,0.00,0.00
2011.12.06 22:03:14.050,17.27825,17.28273,0.00,0.00
2011.12.06 22:03:14.444,17.27822,17.28278,0.00,0.00
2011.12.06 22:03:16.293,17.27805,17.28294,0.00,0.00
2011.12.06 22:03:16.465,17.2782,17.2828,0.00,0.00
2011.12.06 22:03:16.940,17.27805,17.28294,0.00,0.00
2011.12.06 22:03:17.058,17.27839,17.28261,0.00,0.00
2011.12.06 22:03:19.001,17.27824,17.28276,0.00,0.00
2011.12.06 22:03:19.109,17.27838,17.28262,0.00,0.00
2011.12.06 22:03:39.031,17.27823,17.28276,0.00,0.00
2011.12.06 22:03:39.251,17.27838,17.28262,0.00,0.00
2011.12.06 22:03:39.421,17.27826,17.28274,0.00,0.00
2011.12.06 22:03:40.012,17.27804,17.28295,0.00,0.00
2011.12.06 22:03:40.130,17.27784,17.28315,0.00,0.00
2011.12.06 22:03:40.360,17.278,17.283,0.00,0.00
2011.12.06 22:03:43.103,17.27824,17.28275,0.00,0.00
2011.12.06 22:03:43.220,17.27827,17.28273,0.00,0.00
2011.12.06 22:03:43.682,17.27787,17.28313,0.00,0.00
2011.12.06 22:03:43.820,17.27798,17.28302,0.00,0.00
2011.12.06 22:03:51.420,17.27842,17.28257,0.00,0.00
2011.12.06 22:03:53.631,17.27825,17.28273,0.00,0.00
2011.12.06 22:03:53.744,17.27838,17.28262,0.00,0.00
2011.12.06 22:03:54.560,17.27816,17.28284,0.00,0.00
2011.12.06 22:03:55.089,17.27804,17.28302,0.00,0.00
2011.12.06 22:03:56.607,17.27833,17.28289,0.00,0.00
2011.12.06 22:04:05.464,17.27812,17.283,0.00,0.00
2011.12.06 22:04:05.583,17.2781,17.28278,0.00,0.00
2011.12.06 22:04:06.356,17.27775,17.28269,0.00,0.00
2011.12.06 22:04:06.577,17.27724,17.2817,0.00,0.00
2011.12.06 22:04:06.687,17.27688,17.28084,0.00,0.00
2011.12.06 22:04:06.796,17.27662,17.28134,0.00,0.00
2011.12.06 22:04:06.907,17.27738,17.2818,0.00,0.00
2011.12.06 22:04:08.284,17.27775,17.28257,0.00,0.00
2011.12.06 22:04:10.957,17.27806,17.28317,0.00,0.00
2011.12.06 22:04:11.065,17.2782,17.28364,0.00,0.00
2011.12.06 22:04:11.286,17.27817,17.28341,0.00,0.00
2011.12.06 22:04:12.162,17.27809,17.283,0.00,0.00
2011.12.06 22:04:19.186,17.27808,17.28272,0.00,0.00
2011.12.06 22:04:21.149,17.27799,17.28289,0.00,0.00
2011.12.06 22:04:21.277,17.27791,17.28275,0.00,0.00
2011.12.06 22:04:23.624,17.27791,17.28253,0.00,0.00
2011.12.06 22:04:24.536,17.27782,17.28266,0.00,0.00
2011.12.06 22:04:24.887,17.27764,17.28288,0.00,0.00
2011.12.06 22:04:24.997,17.27781,17.28257,0.00,0.00
2011.12.06 22:04:42.677,17.27768,17.28176,0.00,0.00
2011.12.06 22:04:54.307,17.27677,17.28115,0.00,0.00
2011.12.06 22:04:54.534,17.27637,17.28055,0.00,0.00
2011.12.06 22:05:01.061,17.27652,17.2804,0.00,0.00
2011.12.06 22:05:01.383,17.27603,17.28159,0.00,0.00
2011.12.06 22:05:01.501,17.27687,17.28145,0.00,0.00
2011.12.06 22:05:08.834,17.27733,17.28133,0.00,0.00
2011.12.06 22:05:11.253,17.27764,17.28186,0.00,0.00
2011.12.06 22:05:11.472,17.27763,17.28307,0.00,0.00
2011.12.06 22:05:11.693,17.27793,17.28315,0.00,0.00
2011.12.06 22:05:11.913,17.27792,17.28254,0.00,0.00
2011.12.06 22:05:12.339,17.27751,17.28223,0.00,0.00
2011.12.06 22:05:13.227,17.27717,17.28261,0.00,0.00
2011.12.06 22:05:13.543,17.27742,17.28286,0.00,0.00
2011.12.06 22:05:13.774,17.27799,17.28313,0.00,0.00
2011.12.06 22:05:17.240,17.27829,17.28311,0.00,0.00
2011.12.06 22:05:17.721,17.27807,17.28319,0.00,0.00
2011.12.06 22:05:17.841,17.27734,17.28318,0.00,0.00
2011.12.06 22:05:17.953,17.2772,17.28266,0.00,0.00
2011.12.06 22:05:18.071,17.27769,17.28239,0.00,0.00
2011.12.06 22:05:19.682,17.27824,17.28262,0.00,0.00
2011.12.06 22:05:19.793,17.27895,17.28273,0.00,0.00
2011.12.06 22:05:20.142,17.27913,17.28351,0.00,0.00
2011.12.06 22:05:20.253,17.27912,17.2835,0.00,0.00
2011.12.06 22:05:20.754,17.27869,17.28279,0.00,0.00
2011.12.06 22:05:20.982,17.27803,17.28171,0.00,0.00
2011.12.06 22:05:21.100,17.27785,17.28123,0.00,0.00
2011.12.06 22:05:23.454,17.2775,17.28172,0.00,0.00
2011.12.06 22:05:23.564,17.27747,17.28149,0.00,0.00
2011.12.06 22:05:26.144,17.27769,17.28125,0.00,0.00
2011.12.06 22:05:26.964,17.2774,17.28132,0.00,0.00
2011.12.06 22:05:27.073,17.27727,17.28137,0.00,0.00
2011.12.06 22:05:30.944,17.27748,17.28123,0.00,0.00
2011.12.06 22:05:31.600,17.27727,17.28135,0.00,0.00
2011.12.06 22:05:44.913,17.27741,17.28179,0.00,0.00
2011.12.06 22:05:45.030,17.27725,17.28223,0.00,0.00
2011.12.06 22:05:46.534,17.27699,17.28167,0.00,0.00
2011.12.06 22:05:46.649,17.27652,17.2814,0.00,0.00
2011.12.06 22:05:50.491,17.2763,17.28092,0.00,0.00
2011.12.06 22:05:52.003,17.27582,17.28064,0.00,0.00
2011.12.06 22:05:52.121,17.27603,17.28053,0.00,0.00
2011.12.06 22:05:53.844,17.27625,17.28103,0.00,0.00
2011.12.06 22:05:55.584,17.27686,17.28144,0.00,0.00
2011.12.06 22:05:56.272,17.27724,17.28212,0.00,0.00
2011.12.06 22:05:58.954,17.27817,17.28251,0.00,0.00
2011.12.06 22:06:03.707,17.27827,17.28325,0.00,0.00
2011.12.06 22:06:04.805,17.27825,17.28297,0.00,0.00
2011.12.06 22:06:07.216,17.27822,17.28266,0.00,0.00
2011.12.06 22:06:10.139,17.27798,17.2827,0.00,0.00
2011.12.06 22:06:17.388,17.27862,17.28242,0.00,0.00
2011.12.06 22:06:17.707,17.27887,17.28297,0.00,0.00
2011.12.06 22:06:17.819,17.27891,17.28331,0.00,0.00
2011.12.06 22:06:17.937,17.27874,17.28286,0.00,0.00
2011.12.06 22:06:18.640,17.27823,17.28263,0.00,0.00
2011.12.06 22:06:18.755,17.27874,17.28174,0.00,0.00
2011.12.06 22:06:18.950,17.27761,17.28335,0.00,0.00
2011.12.06 22:06:19.280,17.27886,17.28212,0.00,0.00
2011.12.06 22:06:22.280,17.27876,17.28212,0.00,0.00
2011.12.06 22:06:24.950,17.27856,17.2823,0.00,0.00
2011.12.06 22:06:25.755,17.27832,17.28236,0.00,0.00
2011.12.06 22:06:27.393,17.2785,17.28206,0.00,0.00
2011.12.06 22:06:28.238,17.2786,17.2823,0.00,0.00
2011.12.06 22:06:36.603,17.27868,17.28266,0.00,0.00
2011.12.06 22:06:36.990,17.2787,17.28304,0.00,0.00
2011.12.06 22:06:47.790,17.27873,17.28303,0.00,0.00
2011.12.06 22:06:58.526,17.27891,17.28295,0.00,0.00
2011.12.06 22:07:01.418,17.27866,17.2831,0.00,0.00
2011.12.06 22:07:04.680,17.27867,17.28275,0.00,0.00
2011.12.06 22:07:05.042,17.27817,17.28267,0.00,0.00
2011.12.06 22:07:05.512,17.27749,17.28209,0.00,0.00
2011.12.06 22:07:05.622,17.27638,17.28122,0.00,0.00
2011.12.06 22:07:05.733,17.27573,17.28027,0.00,0.00
2011.12.06 22:07:05.842,17.27529,17.28003,0.00,0.00
2011.12.06 22:07:06.262,17.27542,17.27982,0.00,0.00
2011.12.06 22:07:10.103,17.27534,17.27952,0.00,0.00
2011.12.06 22:07:10.217,17.27527,17.27917,0.00,0.00
2011.12.06 22:07:10.711,17.27531,17.27955,0.00,0.00
2011.12.06 22:07:10.973,17.27584,17.27968,0.00,0.00
2011.12.06 22:07:13.387,17.27559,17.27973,0.00,0.00
2011.12.06 22:07:13.710,17.27543,17.27937,0.00,0.00
2011.12.06 22:07:14.062,17.27525,17.27959,0.00,0.00
2011.12.06 22:07:14.490,17.27534,17.27938,0.00,0.00
2011.12.06 22:07:14.610,17.27581,17.27937,0.00,0.00
2011.12.06 22:07:17.271,17.27618,17.28,0.00,0.00
2011.12.06 22:07:17.640,17.27612,17.28096,0.00,0.00
2011.12.06 22:07:17.752,17.27611,17.28135,0.00,0.00
2011.12.06 22:07:17.862,17.27659,17.28093,0.00,0.00
2011.12.06 22:07:17.971,17.2767,17.28045,0.00,0.00
2011.12.06 22:07:18.084,17.27671,17.27971,0.00,0.00
2011.12.06 22:07:18.568,17.27579,17.28017,0.00,0.00
2011.12.06 22:07:18.914,17.27542,17.2805,0.00,0.00
2011.12.06 22:07:19.032,17.27532,17.2801,0.00,0.00
2011.12.06 22:07:19.262,17.27521,17.27959,0.00,0.00
2011.12.06 22:07:19.613,17.27548,17.27924,0.00,0.00
2011.12.06 22:07:20.232,17.27554,17.27956,0.00,0.00
2011.12.06 22:07:20.585,17.27592,17.27966,0.00,0.00
2011.12.06 22:07:28.012,17.27595,17.28033,0.00,0.00
2011.12.06 22:07:28.121,17.27629,17.28107,0.00,0.00
2011.12.06 22:07:29.991,17.27667,17.28099,0.00,0.00
2011.12.06 22:07:30.100,17.27651,17.28063,0.00,0.00
2011.12.06 22:07:30.216,17.27623,17.28109,0.00,0.00
2011.12.06 22:07:30.900,17.2766,17.28106,0.00,0.00
2011.12.06 22:07:33.851,17.27629,17.28105,0.00,0.00
2011.12.06 22:07:34.512,17.27563,17.28107,0.00,0.00
2011.12.06 22:07:34.622,17.27605,17.28055,0.00,0.00
2011.12.06 22:07:34.731,17.27601,17.28081,0.00,0.00
2011.12.06 22:07:40.208,17.2762,17.28042,0.00,0.00
2011.12.06 22:07:42.242,17.27589,17.28037,0.00,0.00
2011.12.06 22:07:42.358,17.27538,17.28026,0.00,0.00
2011.12.06 22:07:42.853,17.27559,17.27979,0.00,0.00
2011.12.06 22:07:43.193,17.27573,17.27995,0.00,0.00
2011.12.06 22:07:43.431,17.27589,17.28023,0.00,0.00
2011.12.06 22:07:43.541,17.27661,17.27993,0.00,0.00
2011.12.06 22:07:43.652,17.27679,17.28041,0.00,0.00
2011.12.06 22:07:43.987,17.27724,17.28066,0.00,0.00
2011.12.06 22:07:44.109,17.27734,17.2811,0.00,0.00
2011.12.06 22:07:44.692,17.27765,17.28107,0.00,0.00
2011.12.06 22:07:45.089,17.27699,17.28079,0.00,0.00
2011.12.06 22:07:45.403,17.27603,17.28013,0.00,0.00
2011.12.06 22:07:45.510,17.27456,17.2803,0.00,0.00
2011.12.06 22:07:45.626,17.2756,17.2786,0.00,0.00
2011.12.06 22:07:47.502,17.27554,17.27922,0.00,0.00
2011.12.06 22:07:49.589,17.27588,17.27986,0.00,0.00
2011.12.06 22:07:52.728,17.27575,17.28003,0.00,0.00
2011.12.06 22:07:53.780,17.2758,17.27978,0.00,0.00
2011.12.06 22:07:54.153,17.27552,17.28058,0.00,0.00
2011.12.06 22:07:54.262,17.27544,17.2807,0.00,0.00
2011.12.06 22:07:54.791,17.27533,17.27985,0.00,0.00
2011.12.06 22:07:54.902,17.27444,17.28018,0.00,0.00
2011.12.06 22:07:55.013,17.27544,17.27904,0.00,0.00
2011.12.06 22:07:55.126,17.27575,17.27875,0.00,0.00
2011.12.06 22:07:55.341,17.27576,17.27924,0.00,0.00
2011.12.06 22:07:55.456,17.27652,17.2797,0.00,0.00
2011.12.06 22:07:56.421,17.27695,17.28053,0.00,0.00
2011.12.06 22:07:56.533,17.27705,17.28083,0.00,0.00
2011.12.06 22:07:56.756,17.2774,17.28076,0.00,0.00
2011.12.06 22:07:57.322,17.27715,17.28077,0.00,0.00
2011.12.06 22:07:58.972,17.27636,17.28034,0.00,0.00
2011.12.06 22:07:59.352,17.27617,17.28003,0.00,0.00
2011.12.06 22:07:59.852,17.2761,17.28022,0.00,0.00
2011.12.06 22:08:00.813,17.27576,17.27988,0.00,0.00
2011.12.06 22:08:01.033,17.2756,17.27924,0.00,0.00
2011.12.06 22:08:01.520,17.27558,17.27951,0.00,0.00
2011.12.06 22:08:01.741,17.27566,17.28034,0.00,0.00
2011.12.06 22:08:01.853,17.27611,17.28035,0.00,0.00
2011.12.06 22:08:02.009,17.27613,17.28007,0.00,0.00
2011.12.06 22:08:02.122,17.27607,17.27997,0.00,0.00
2011.12.06 22:08:02.561,17.27593,17.28059,0.00,0.00
2011.12.06 22:08:02.720,17.27613,17.28046,0.00,0.00
2011.12.06 22:08:03.050,17.27526,17.2808,0.00,0.00
2011.12.06 22:08:03.160,17.27523,17.28077,0.00,0.00
2011.12.06 22:08:03.277,17.27553,17.28101,0.00,0.00
2011.12.06 22:08:05.207,17.2759,17.28134,0.00,0.00
2011.12.06 22:08:10.066,17.27601,17.28145,0.00,0.00
2011.12.06 22:08:11.170,17.27614,17.28138,0.00,0.00
2011.12.06 22:08:11.280,17.27631,17.28135,0.00,0.00
2011.12.06 22:08:12.129,17.27612,17.28156,0.00,0.00
2011.12.06 22:08:12.960,17.27611,17.28155,0.00,0.00
2011.12.06 22:08:13.178,17.27577,17.28141,0.00,0.00
2011.12.06 22:08:13.448,17.27564,17.28108,0.00,0.00
2011.12.06 22:08:13.559,17.27556,17.2812,0.00,0.00
2011.12.06 22:08:13.676,17.27563,17.28117,0.00,0.00
2011.12.06 22:08:13.788,17.27566,17.28102,0.00,0.00
2011.12.06 22:08:14.039,17.27569,17.28123,0.00,0.00
2011.12.06 22:08:14.150,17.27599,17.28115,0.00,0.00
2011.12.06 22:08:20.733,17.27577,17.28113,0.00,0.00
2011.12.06 22:08:22.555,17.27582,17.28066,0.00,0.00
2011.12.06 22:08:26.216,17.27578,17.28036,0.00,0.00
2011.12.06 22:08:26.331,17.27547,17.28091,0.00,0.00
2011.12.06 22:08:26.440,17.27598,17.28088,0.00,0.00
2011.12.06 22:08:27.376,17.27583,17.28027,0.00,0.00
2011.12.06 22:08:34.684,17.27559,17.27971,0.00,0.00
2011.12.06 22:08:35.110,17.27518,17.28062,0.00,0.00
2011.12.06 22:08:35.225,17.2761,17.28048,0.00,0.00
2011.12.06 22:08:37.793,17.27644,17.28022,0.00,0.00
2011.12.06 22:08:38.009,17.27602,17.28014,0.00,0.00
2011.12.06 22:08:38.121,17.27562,17.27936,0.00,0.00
2011.12.06 22:08:43.502,17.27519,17.27855,0.00,0.00
2011.12.06 22:08:44.481,17.27488,17.27866,0.00,0.00
2011.12.06 22:08:45.290,17.27474,17.27888,0.00,0.00
2011.12.06 22:08:45.400,17.27454,17.27928,0.00,0.00
2011.12.06 22:08:45.511,17.27518,17.2794,0.00,0.00
2011.12.06 22:08:46.051,17.27508,17.2804,0.00,0.00
2011.12.06 22:08:46.521,17.2752,17.28072,0.00,0.00
2011.12.06 22:08:46.637,17.2762,17.28042,0.00,0.00
2011.12.06 22:08:48.009,17.27634,17.28126,0.00,0.00
2011.12.06 22:08:50.321,17.2762,17.28132,0.00,0.00
2011.12.06 22:08:50.429,17.27634,17.28102,0.00,0.00
2011.12.06 22:08:52.440,17.27646,17.28154,0.00,0.00
2011.12.06 22:08:53.291,17.27673,17.28144,0.00,0.00
2011.12.06 22:08:53.400,17.27637,17.28127,0.00,0.00
2011.12.06 22:08:56.976,17.27595,17.28041,0.00,0.00
2011.12.06 22:08:58.989,17.27536,17.28012,0.00,0.00
2011.12.06 22:08:59.250,17.27534,17.2806,0.00,0.00
2011.12.06 22:08:59.470,17.27575,17.28099,0.00,0.00
2011.12.06 22:08:59.579,17.27568,17.28142,0.00,0.00
2011.12.06 22:08:59.693,17.27632,17.28161,0.00,0.00
2011.12.06 22:08:59.850,17.27679,17.28259,0.00,0.00
2011.12.06 22:09:00.740,17.27771,17.28251,0.00,0.00
2011.12.06 22:09:00.849,17.27712,17.28286,0.00,0.00
2011.12.06 22:09:00.958,17.27786,17.2823,0.00,0.00
2011.12.06 22:09:01.076,17.27794,17.28268,0.00,0.00
2011.12.06 22:09:01.491,17.27828,17.28214,0.00,0.00
2011.12.06 22:09:02.580,17.27823,17.28179,0.00,0.00
2011.12.06 22:09:02.688,17.27854,17.2816,0.00,0.00
2011.12.06 22:09:02.799,17.27712,17.28286,0.00,0.00
2011.12.06 22:09:02.916,17.27819,17.28175,0.00,0.00
2011.12.06 22:09:06.858,17.27781,17.28271,0.00,0.00
2011.12.06 22:09:07.079,17.27777,17.28297,0.00,0.00
2011.12.06 22:09:07.489,17.27839,17.28235,0.00,0.00
2011.12.06 22:09:09.437,17.27839,17.28265,0.00,0.00
2011.12.06 22:09:09.658,17.27806,17.28322,0.00,0.00
2011.12.06 22:09:09.768,17.27817,17.28229,0.00,0.00
2011.12.06 22:09:10.072,17.27739,17.28189,0.00,0.00
2011.12.06 22:09:10.417,17.27723,17.28167,0.00,0.00
2011.12.06 22:09:10.818,17.2767,17.28216,0.00,0.00
2011.12.06 22:09:10.928,17.27665,17.28219,0.00,0.00
2011.12.06 22:09:11.047,17.27713,17.28141,0.00,0.00
2011.12.06 22:09:21.897,17.27723,17.28129,0.00,0.00
2011.12.06 22:09:22.188,17.27722,17.2818,0.00,0.00
2011.12.06 22:09:22.520,17.27767,17.28205,0.00,0.00
2011.12.06 22:09:22.889,17.27785,17.28261,0.00,0.00
2011.12.06 22:09:23.004,17.27765,17.28277,0.00,0.00
2011.12.06 22:09:24.048,17.27769,17.28231,0.00,0.00
2011.12.06 22:09:24.433,17.27745,17.28237,0.00,0.00
2011.12.06 22:09:24.768,17.27755,17.28215,0.00,0.00
2011.12.06 22:09:25.729,17.27776,17.28202,0.00,0.00
2011.12.06 22:09:25.847,17.27744,17.2824,0.00,0.00
2011.12.06 22:09:25.962,17.27771,17.28231,0.00,0.00
2011.12.06 22:09:26.327,17.27806,17.28286,0.00,0.00
2011.12.06 22:09:26.447,17.27833,17.28347,0.00,0.00
2011.12.06 22:09:47.105,17.27823,17.28301,0.00,0.00
2011.12.06 22:09:48.925,17.27711,17.28275,0.00,0.00
2011.12.06 22:09:49.464,17.277,17.28178,0.00,0.00
2011.12.06 22:09:51.368,17.27708,17.28138,0.00,0.00
2011.12.06 22:09:51.960,17.27676,17.28154,0.00,0.00
2011.12.06 22:09:52.846,17.27671,17.28101,0.00,0.00
2011.12.06 22:09:57.419,17.27662,17.28142,0.00,0.00
2011.12.06 22:09:57.639,17.27659,17.28203,0.00,0.00
2011.12.06 22:09:57.749,17.27697,17.28159,0.00,0.00
2011.12.06 22:09:59.036,17.27692,17.28124,0.00,0.00
2011.12.06 22:09:59.154,17.27698,17.2813,0.00,0.00
2011.12.06 22:10:09.635,17.27735,17.28133,0.00,0.00
2011.12.06 22:10:10.679,17.27741,17.28181,0.00,0.00
2011.12.06 22:10:17.119,17.27786,17.28188,0.00,0.00
2011.12.06 22:10:17.229,17.27804,17.28232,0.00,0.00
2011.12.06 22:10:24.349,17.27853,17.28251,0.00,0.00
2011.12.06 22:10:24.594,17.27843,17.28313,0.00,0.00
2011.12.06 22:10:25.020,17.27869,17.28309,0.00,0.00
2011.12.06 22:10:25.130,17.27885,17.28307,0.00,0.00
2011.12.06 22:10:25.245,17.27853,17.28331,0.00,0.00
2011.12.06 22:10:25.490,17.27867,17.28315,0.00,0.00
2011.12.06 22:10:25.600,17.27799,17.28343,0.00,0.00
2011.12.06 22:10:25.710,17.27817,17.28277,0.00,0.00
2011.12.06 22:10:28.169,17.27833,17.28333,0.00,0.00
2011.12.06 22:10:28.279,17.27834,17.28388,0.00,0.00
2011.12.06 22:10:28.505,17.27856,17.28306,0.00,0.00
2011.12.06 22:10:29.380,17.27833,17.28239,0.00,0.00
2011.12.06 22:10:29.489,17.27744,17.28298,0.00,0.00
2011.12.06 22:10:29.604,17.2783,17.28186,0.00,0.00
2011.12.06 22:10:30.969,17.2778,17.28232,0.00,0.00
2011.12.06 22:10:32.415,17.27768,17.28264,0.00,0.00
2011.12.06 22:10:34.287,17.27767,17.28233,0.00,0.00
2011.12.06 22:10:34.398,17.27779,17.28241,0.00,0.00
2011.12.06 22:10:34.779,17.278,17.28296,0.00,0.00
2011.12.06 22:10:34.889,17.2781,17.28316,0.00,0.00
2011.12.06 22:10:34.999,17.2781,17.28308,0.00,0.00
2011.12.06 22:10:35.109,17.27824,17.28292,0.00,0.00
2011.12.06 22:10:35.225,17.27832,17.28254,0.00,0.00
2011.12.06 22:10:36.246,17.27799,17.28251,0.00,0.00
2011.12.06 22:10:52.325,17.27818,17.28228,0.00,0.00
2011.12.06 22:11:01.385,17.27792,17.28172,0.00,0.00
2011.12.06 22:11:01.504,17.27744,17.2809,0.00,0.00
2011.12.06 22:11:04.345,17.27721,17.28036,0.00,0.00
2011.12.06 22:11:04.786,17.27734,17.28068,0.00,0.00
2011.12.06 22:11:04.902,17.27736,17.28186,0.00,0.00
2011.12.06 22:11:05.466,17.27798,17.28208,0.00,0.00
2011.12.06 22:11:07.433,17.2779,17.2825,0.00,0.00
2011.12.06 22:11:07.542,17.27781,17.28259,0.00,0.00
2011.12.06 22:11:08.527,17.27822,17.2823,0.00,0.00
2011.12.06 22:11:08.642,17.27848,17.28226,0.00,0.00
2011.12.06 22:11:09.453,17.2781,17.28221,0.00,0.00
2011.12.06 22:11:09.792,17.27793,17.28231,0.00,0.00
2011.12.06 22:11:10.367,17.27793,17.28261,0.00,0.00
2011.12.06 22:11:10.484,17.27769,17.28277,0.00,0.00
2011.12.06 22:11:10.652,17.27771,17.28224,0.00,0.00
2011.12.06 22:11:11.083,17.27768,17.28152,0.00,0.00
2011.12.06 22:11:11.431,17.27762,17.28104,0.00,0.00
2011.12.06 22:11:14.477,17.27766,17.28128,0.00,0.00
2011.12.06 22:11:15.696,17.27755,17.28165,0.00,0.00
2011.12.06 22:11:15.805,17.27771,17.28129,0.00,0.00
2011.12.06 22:11:22.036,17.27775,17.28153,0.00,0.00
2011.12.06 22:11:22.617,17.2778,17.28188,0.00,0.00
2011.12.06 22:11:22.835,17.278,17.28178,0.00,0.00
2011.12.06 22:11:23.822,17.27771,17.28169,0.00,0.00
2011.12.06 22:11:23.937,17.27764,17.28132,0.00,0.00
2011.12.06 22:11:24.960,17.27742,17.2818,0.00,0.00
2011.12.06 22:11:25.397,17.27771,17.28177,0.00,0.00
2011.12.06 22:11:25.511,17.27772,17.28188,0.00,0.00
2011.12.06 22:11:27.166,17.27767,17.28143,0.00,0.00
2011.12.06 22:11:27.277,17.27742,17.28088,0.00,0.00
2011.12.06 22:11:28.901,17.27711,17.28093,0.00,0.00
2011.12.06 22:11:30.616,17.27721,17.28073,0.00,0.00
2011.12.06 22:11:44.191,17.27701,17.28081,0.00,0.00
2011.12.06 22:11:45.711,17.27736,17.28071,0.00,0.00
2011.12.06 22:11:51.067,17.27755,17.28125,0.00,0.00
2011.12.06 22:11:51.781,17.27756,17.28146,0.00,0.00
2011.12.06 22:11:52.161,17.27741,17.28087,0.00,0.00
2011.12.06 22:11:57.895,17.27684,17.28062,0.00,0.00
2011.12.06 22:12:00.669,17.27631,17.28035,0.00,0.00
2011.12.06 22:12:00.895,17.27597,17.28079,0.00,0.00
2011.12.06 22:12:04.875,17.27669,17.28111,0.00,0.00
2011.12.06 22:12:05.278,17.2773,17.28202,0.00,0.00
2011.12.06 22:12:07.161,17.27818,17.2826,0.00,0.00
2011.12.06 22:12:11.930,17.27894,17.28306,0.00,0.00
2011.12.06 22:12:12.160,17.27853,17.28331,0.00,0.00
2011.12.06 22:12:12.271,17.27838,17.2826,0.00,0.00
2011.12.06 22:12:12.382,17.27834,17.28226,0.00,0.00
2011.12.06 22:12:12.551,17.27839,17.28259,0.00,0.00
2011.12.06 22:12:13.118,17.27873,17.28245,0.00,0.00
2011.12.06 22:12:13.361,17.27895,17.28215,0.00,0.00
2011.12.06 22:12:13.529,17.2777,17.28296,0.00,0.00
2011.12.06 22:12:28.170,17.27807,17.28197,0.00,0.00
2011.12.06 22:12:29.886,17.27804,17.28214,0.00,0.00
2011.12.06 22:12:30.261,17.27802,17.28248,0.00,0.00
2011.12.06 22:12:37.219,17.2782,17.28236,0.00,0.00
2011.12.06 22:12:37.382,17.27843,17.28231,0.00,0.00
2011.12.06 22:12:37.601,17.27902,17.28202,0.00,0.00
2011.12.06 22:12:37.711,17.27785,17.28249,0.00,0.00
2011.12.06 22:12:39.500,17.27753,17.28183,0.00,0.00
2011.12.06 22:12:39.618,17.27754,17.28154,0.00,0.00
2011.12.06 22:12:39.982,17.27772,17.2821,0.00,0.00
2011.12.06 22:12:40.371,17.27784,17.28274,0.00,0.00
2011.12.06 22:12:40.599,17.27815,17.28265,0.00,0.00
2011.12.06 22:12:41.209,17.27805,17.28267,0.00,0.00
2011.12.06 22:12:41.321,17.27784,17.2825,0.00,0.00
2011.12.06 22:12:41.437,17.27781,17.28207,0.00,0.00
2011.12.06 22:12:47.781,17.27798,17.28194,0.00,0.00
2011.12.06 22:12:48.378,17.27795,17.28241,0.00,0.00
2011.12.06 22:12:48.499,17.27817,17.28269,0.00,0.00
2011.12.06 22:12:53.406,17.27849,17.28263,0.00,0.00
2011.12.06 22:12:54.271,17.27857,17.28237,0.00,0.00
2011.12.06 22:12:54.498,17.27829,17.28253,0.00,0.00
2011.12.06 22:12:54.616,17.27823,17.28227,0.00,0.00
2011.12.06 22:12:55.715,17.27772,17.28144,0.00,0.00
2011.12.06 22:13:01.674,17.27695,17.28087,0.00,0.00
2011.12.06 22:13:02.371,17.2767,17.28082,0.00,0.00
2011.12.06 22:13:04.438,17.277,17.28072,0.00,0.00
2011.12.06 22:13:08.188,17.27703,17.28111,0.00,0.00
2011.12.06 22:13:08.504,17.27745,17.28117,0.00,0.00
2011.12.06 22:13:10.284,17.27754,17.28156,0.00,0.00
2011.12.06 22:13:12.499,17.27793,17.28167,0.00,0.00
2011.12.06 22:13:21.371,17.27802,17.28208,0.00,0.00
2011.12.06 22:13:21.574,17.27799,17.28261,0.00,0.00
2011.12.06 22:13:27.215,17.27834,17.28276,0.00,0.00
2011.12.06 22:13:27.847,17.2784,17.2832,0.00,0.00
2011.12.06 22:13:28.358,17.27818,17.28392,0.00,0.00
2011.12.06 22:13:28.489,17.27843,17.28417,0.00,0.00
2011.12.06 22:13:28.804,17.27902,17.28408,0.00,0.00
2011.12.06 22:13:37.114,17.27951,17.28409,0.00,0.00
2011.12.06 22:13:37.563,17.27919,17.28493,0.00,0.00
2011.12.06 22:13:37.673,17.27949,17.28523,0.00,0.00
2011.12.06 22:13:37.784,17.28035,17.28501,0.00,0.00
2011.12.06 22:13:37.893,17.28053,17.28559,0.00,0.00
2011.12.06 22:13:40.874,17.28113,17.28581,0.00,0.00
2011.12.06 22:13:40.988,17.28173,17.28577,0.00,0.00
2011.12.06 22:13:43.542,17.28172,17.28606,0.00,0.00
2011.12.06 22:13:45.083,17.28171,17.28635,0.00,0.00
2011.12.06 22:13:45.191,17.28239,17.28672,0.00,0.00
2011.12.06 22:13:45.463,17.28244,17.28798,0.00,0.00
2011.12.06 22:13:45.574,17.2831,17.28754,0.00,0.00
2011.12.06 22:13:45.691,17.28318,17.28731,0.00,0.00
2011.12.06 22:13:47.783,17.28341,17.28785,0.00,0.00
2011.12.06 22:13:48.118,17.28385,17.28837,0.00,0.00
2011.12.06 22:13:48.342,17.28375,17.28875,0.00,0.00
2011.12.06 22:13:49.005,17.28397,17.28837,0.00,0.00
2011.12.06 22:13:49.327,17.28309,17.28849,0.00,0.00
2011.12.06 22:13:49.450,17.28306,17.28774,0.00,0.00
2011.12.06 22:13:53.124,17.2829,17.2874,0.00,0.00
2011.12.06 22:13:53.239,17.28277,17.28745,0.00,0.00
2011.12.06 22:13:54.444,17.28334,17.28762,0.00,0.00
2011.12.06 22:13:54.558,17.28389,17.28787,0.00,0.00
2011.12.06 22:13:54.885,17.28408,17.28844,0.00,0.00
2011.12.06 22:13:55.308,17.28398,17.28862,0.00,0.00
2011.12.06 22:13:56.088,17.28399,17.28883,0.00,0.00
2011.12.06 22:13:57.694,17.28444,17.28884,0.00,0.00
2011.12.06 22:13:57.804,17.28469,17.28855,0.00,0.00
2011.12.06 22:13:59.703,17.28416,17.28874,0.00,0.00
2011.12.06 22:13:59.977,17.28411,17.28835,0.00,0.00
2011.12.06 22:14:00.768,17.28369,17.28829,0.00,0.00
2011.12.06 22:14:01.481,17.28355,17.28777,0.00,0.00
2011.12.06 22:14:01.832,17.28279,17.28739,0.00,0.00
2011.12.06 22:14:04.776,17.28212,17.2869,0.00,0.00
2011.12.06 22:14:04.892,17.28211,17.28661,0.00,0.00
2011.12.06 22:14:14.748,17.28205,17.28683,0.00,0.00
2011.12.06 22:14:19.415,17.28188,17.28694,0.00,0.00
2011.12.06 22:14:19.527,17.28155,17.28641,0.00,0.00
2011.12.06 22:14:19.637,17.28161,17.28585,0.00,0.00
2011.12.06 22:14:19.752,17.28195,17.28599,0.00,0.00
2011.12.06 22:14:20.485,17.28227,17.28661,0.00,0.00
2011.12.06 22:14:21.309,17.28245,17.28693,0.00,0.00
2011.12.06 22:14:26.373,17.28242,17.2871,0.00,0.00
2011.12.06 22:14:34.872,17.28253,17.28691,0.00,0.00
2011.12.06 22:14:35.569,17.28242,17.28652,0.00,0.00
2011.12.06 22:14:35.683,17.28164,17.28644,0.00,0.00
2011.12.06 22:14:39.337,17.2818,17.28606,0.00,0.00
2011.12.06 22:14:40.089,17.28207,17.28673,0.00,0.00
2011.12.06 22:14:40.234,17.2824,17.28736,0.00,0.00
2011.12.06 22:14:40.351,17.28259,17.28715,0.00,0.00
2011.12.06 22:14:40.949,17.282,17.28706,0.00,0.00
2011.12.06 22:14:41.058,17.28202,17.28662,0.00,0.00
2011.12.06 22:14:41.197,17.28182,17.28694,0.00,0.00
2011.12.06 22:14:41.638,17.28213,17.28659,0.00,0.00
2011.12.06 22:14:42.028,17.28206,17.2868,0.00,0.00
2011.12.06 22:14:42.138,17.28223,17.28677,0.00,0.00
2011.12.06 22:14:42.255,17.28178,17.28732,0.00,0.00
2011.12.06 22:14:43.958,17.28207,17.28695,0.00,0.00
2011.12.06 22:14:44.230,17.28189,17.28711,0.00,0.00
2011.12.06 22:14:44.632,17.28212,17.28696,0.00,0.00
2011.12.06 22:14:44.780,17.28202,17.28706,0.00,0.00
2011.12.06 22:14:48.536,17.28201,17.28663,0.00,0.00
2011.12.06 22:14:48.654,17.28259,17.28679,0.00,0.00
2011.12.06 22:14:48.775,17.28321,17.28711,0.00,0.00
2011.12.06 22:14:49.408,17.28309,17.28737,0.00,0.00
2011.12.06 22:14:49.517,17.28279,17.28739,0.00,0.00
2011.12.06 22:14:50.116,17.28263,17.28719,0.00,0.00
2011.12.06 22:14:50.668,17.28279,17.28721,0.00,0.00
2011.12.06 22:14:50.987,17.28299,17.28771,0.00,0.00
2011.12.06 22:14:51.213,17.28321,17.28775,0.00,0.00
2011.12.06 22:14:51.756,17.28311,17.28739,0.00,0.00
2011.12.06 22:14:52.088,17.28215,17.28741,0.00,0.00
2011.12.06 22:14:52.518,17.28218,17.28664,0.00,0.00
2011.12.06 22:14:52.626,17.28208,17.28662,0.00,0.00
2011.12.06 22:14:52.847,17.28244,17.28677,0.00,0.00
2011.12.06 22:14:52.964,17.28249,17.28721,0.00,0.00
2011.12.06 22:14:56.058,17.28261,17.28705,0.00,0.00
2011.12.06 22:14:56.516,17.28258,17.28732,0.00,0.00
2011.12.06 22:14:56.627,17.28248,17.2874,0.00,0.00
2011.12.06 22:14:56.847,17.28278,17.28714,0.00,0.00
2011.12.06 22:14:58.238,17.28274,17.28682,0.00,0.00
2011.12.06 22:14:58.456,17.28197,17.28651,0.00,0.00
2011.12.06 22:14:58.698,17.28167,17.28589,0.00,0.00
2011.12.06 22:14:59.395,17.28155,17.28607,0.00,0.00
2011.12.06 22:15:01.077,17.28229,17.28623,0.00,0.00
2011.12.06 22:15:01.274,17.28221,17.28717,0.00,0.00
2011.12.06 22:15:01.387,17.28194,17.28682,0.00,0.00
2011.12.06 22:15:01.617,17.28142,17.28582,0.00,0.00
2011.12.06 22:15:01.726,17.28064,17.28554,0.00,0.00
2011.12.06 22:15:01.837,17.28067,17.28517,0.00,0.00
2011.12.06 22:15:03.536,17.28061,17.28477,0.00,0.00
2011.12.06 22:15:03.756,17.28005,17.28473,0.00,0.00
2011.12.06 22:15:03.982,17.28057,17.28427,0.00,0.00
2011.12.06 22:15:04.096,17.28002,17.28546,0.00,0.00
2011.12.06 22:15:04.318,17.28112,17.28568,0.00,0.00
2011.12.06 22:15:04.430,17.28144,17.28666,0.00,0.00
2011.12.06 22:15:04.875,17.28188,17.2868,0.00,0.00
2011.12.06 22:15:05.270,17.28272,17.28632,0.00,0.00
2011.12.06 22:15:12.216,17.28243,17.28695,0.00,0.00
2011.12.06 22:15:12.327,17.28273,17.28645,0.00,0.00
2011.12.06 22:15:12.436,17.28171,17.28657,0.00,0.00
2011.12.06 22:15:13.837,17.28175,17.28631,0.00,0.00
2011.12.06 22:15:13.952,17.28213,17.28651,0.00,0.00
2011.12.06 22:15:15.646,17.28256,17.2872,0.00,0.00
2011.12.06 22:15:15.927,17.28293,17.28783,0.00,0.00
2011.12.06 22:15:16.036,17.28381,17.28787,0.00,0.00
2011.12.06 22:15:16.276,17.28311,17.28865,0.00,0.00
2011.12.06 22:15:20.298,17.28297,17.28841,0.00,0.00
2011.12.06 22:15:20.407,17.28303,17.28749,0.00,0.00
2011.12.06 22:15:20.517,17.28259,17.28727,0.00,0.00
2011.12.06 22:15:22.050,17.2831,17.2867,0.00,0.00
2011.12.06 22:15:22.447,17.28267,17.28707,0.00,0.00
2011.12.06 22:15:22.560,17.28281,17.28751,0.00,0.00
2011.12.06 22:15:23.427,17.28352,17.2877,0.00,0.00
2011.12.06 22:15:23.988,17.28302,17.28804,0.00,0.00
2011.12.06 22:15:24.304,17.28244,17.28764,0.00,0.00
2011.12.06 22:15:24.425,17.28182,17.28746,0.00,0.00
2011.12.06 22:15:25.244,17.28256,17.2866,0.00,0.00
2011.12.06 22:15:25.363,17.2822,17.28704,0.00,0.00
2011.12.06 22:15:31.079,17.28262,17.28712,0.00,0.00
2011.12.06 22:15:32.836,17.2834,17.28762,0.00,0.00
2011.12.06 22:15:32.948,17.284,17.28792,0.00,0.00
2011.12.06 22:15:33.057,17.28421,17.28731,0.00,0.00
2011.12.06 22:15:33.428,17.28331,17.28697,0.00,0.00
2011.12.06 22:15:34.440,17.28204,17.2866,0.00,0.00
2011.12.06 22:15:34.767,17.28131,17.28617,0.00,0.00
2011.12.06 22:15:34.990,17.2816,17.28608,0.00,0.00
2011.12.06 22:15:36.687,17.28226,17.28644,0.00,0.00
2011.12.06 22:15:36.796,17.28283,17.28741,0.00,0.00
2011.12.06 22:15:37.117,17.28349,17.28767,0.00,0.00
2011.12.06 22:15:37.235,17.28374,17.28762,0.00,0.00
2011.12.06 22:15:37.464,17.28378,17.28798,0.00,0.00
2011.12.06 22:15:37.583,17.2845,17.28758,0.00,0.00
2011.12.06 22:15:38.040,17.2841,17.28758,0.00,0.00
2011.12.06 22:15:38.479,17.28322,17.2871,0.00,0.00
2011.12.06 22:15:38.587,17.28251,17.28597,0.00,0.00
2011.12.06 22:15:39.528,17.28146,17.28592,0.00,0.00
2011.12.06 22:15:39.638,17.28139,17.28625,0.00,0.00
2011.12.06 22:15:39.856,17.28271,17.28623,0.00,0.00
2011.12.06 22:15:40.879,17.28299,17.28689,0.00,0.00
2011.12.06 22:15:41.166,17.28322,17.28662,0.00,0.00
2011.12.06 22:15:42.687,17.28298,17.2869,0.00,0.00
2011.12.06 22:15:43.407,17.28307,17.28729,0.00,0.00
2011.12.06 22:15:44.367,17.28377,17.28755,0.00,0.00
2011.12.06 22:15:44.485,17.28425,17.28733,0.00,0.00
2011.12.06 22:15:47.138,17.28349,17.28727,0.00,0.00
2011.12.06 22:15:47.255,17.28293,17.28723,0.00,0.00
2011.12.06 22:15:49.628,17.28376,17.28744,0.00,0.00
2011.12.06 22:15:50.228,17.28422,17.2882,0.00,0.00
2011.12.06 22:15:50.959,17.28406,17.28856,0.00,0.00
2011.12.06 22:15:51.068,17.28412,17.2881,0.00,0.00
2011.12.06 22:15:51.182,17.28328,17.28838,0.00,0.00
2011.12.06 22:15:52.670,17.28356,17.28796,0.00,0.00
2011.12.06 22:15:52.779,17.28335,17.28835,0.00,0.00
2011.12.06 22:15:54.119,17.28382,17.28796,0.00,0.00
2011.12.06 22:15:54.484,17.28385,17.28769,0.00,0.00
2011.12.06 22:15:54.606,17.28402,17.28726,0.00,0.00
2011.12.06 22:15:55.859,17.28327,17.28721,0.00,0.00
2011.12.06 22:15:55.973,17.28191,17.28677,0.00,0.00
2011.12.06 22:15:58.820,17.28138,17.2858,0.00,0.00
2011.12.06 22:15:58.930,17.28118,17.2859,0.00,0.00
2011.12.06 22:30:00.071,17.28131,17.28615,0.00,0.00
2011.12.06 22:30:00.186,17.28201,17.28557,0.00,0.00
2011.12.06 22:30:03.747,17.28198,17.28584,0.00,0.00
2011.12.06 22:30:04.451,17.28196,17.28618,0.00,0.00
2011.12.06 22:30:04.779,17.28189,17.28639,0.00,0.00
2011.12.06 22:30:10.168,17.28164,17.28662,0.00,0.00
2011.12.06 22:30:10.347,17.28147,17.28675,0.00,0.00
2011.12.06 22:30:27.552,17.28179,17.28643,0.00,0.00
2011.12.06 22:30:27.879,17.28163,17.28656,0.00,0.00
2011.12.06 22:30:27.993,17.28231,17.28593,0.00,0.00
2011.12.06 22:30:28.537,17.28218,17.28612,0.00,0.00
2011.12.06 22:30:28.958,17.28201,17.28625,0.00,0.00
2011.12.06 22:30:29.078,17.28231,17.28591,0.00,0.00
2011.12.06 22:30:29.841,17.28209,17.2862,0.00,0.00
2011.12.06 22:30:30.061,17.28212,17.28592,0.00,0.00
2011.12.06 22:30:33.834,17.28247,17.28561,0.00,0.00
2011.12.06 22:30:33.951,17.28261,17.28613,0.00,0.00
2011.12.06 22:30:34.341,17.28291,17.28619,0.00,0.00
2011.12.06 22:42:05.592,17.28203,17.28623,0.00,0.00
2011.12.06 22:42:05.815,17.28157,17.28537,0.00,0.00
2011.12.06 22:42:06.451,17.28102,17.2853,0.00,0.00
2011.12.06 22:42:06.561,17.28111,17.28499,0.00,0.00
2011.12.06 22:42:08.091,17.28087,17.28518,0.00,0.00
2011.12.06 22:42:08.312,17.28046,17.28556,0.00,0.00
2011.12.06 22:42:08.426,17.28058,17.28542,0.00,0.00
2011.12.06 22:42:08.936,17.28075,17.28525,0.00,0.00
2011.12.06 22:42:09.395,17.28064,17.28535,0.00,0.00
2011.12.06 22:42:09.781,17.28095,17.28505,0.00,0.00
2011.12.06 22:42:09.891,17.28051,17.28549,0.00,0.00
2011.12.06 22:42:10.439,17.28092,17.28508,0.00,0.00
2011.12.06 22:42:10.555,17.28068,17.28532,0.00,0.00
2011.12.06 22:42:11.461,17.28083,17.28517,0.00,0.00
2011.12.06 22:42:11.572,17.28063,17.28537,0.00,0.00
2011.12.06 22:42:12.196,17.28091,17.28509,0.00,0.00
2011.12.06 22:42:12.629,17.28106,17.28494,0.00,0.00
2011.12.06 22:42:12.849,17.28136,17.28464,0.00,0.00
2011.12.06 22:42:14.072,17.28129,17.28471,0.00,0.00
2011.12.06 22:42:14.402,17.28091,17.28509,0.00,0.00
2011.12.06 22:42:14.515,17.28081,17.28519,0.00,0.00
2011.12.06 22:42:15.151,17.28107,17.28493,0.00,0.00
2011.12.06 22:42:15.480,17.28087,17.28513,0.00,0.00
2011.12.06 22:42:15.594,17.28083,17.28517,0.00,0.00
2011.12.06 22:42:16.243,17.28093,17.28507,0.00,0.00
2011.12.06 22:42:16.681,17.28077,17.28523,0.00,0.00
2011.12.06 22:42:17.012,17.28058,17.28542,0.00,0.00
2011.12.06 22:42:17.342,17.28068,17.28532,0.00,0.00
2011.12.06 22:42:17.454,17.28053,17.28547,0.00,0.00
2011.12.06 22:42:18.251,17.28074,17.28526,0.00,0.00
2011.12.06 22:42:19.716,17.28078,17.28522,0.00,0.00
2011.12.06 22:42:21.872,17.28098,17.28502,0.00,0.00
2011.12.06 22:42:21.989,17.28118,17.28482,0.00,0.00
2011.12.06 22:42:22.332,17.28058,17.28542,0.00,0.00
2011.12.06 22:42:22.891,17.28095,17.28505,0.00,0.00
2011.12.06 22:42:23.271,17.2808,17.2852,0.00,0.00
2011.12.06 22:42:24.696,17.28095,17.28505,0.00,0.00
2011.12.06 22:42:25.151,17.28061,17.28539,0.00,0.00
2011.12.06 22:42:25.262,17.28053,17.28547,0.00,0.00
2011.12.06 22:42:25.371,17.28092,17.28507,0.00,0.00
2011.12.06 22:42:26.019,17.28081,17.28519,0.00,0.00
2011.12.06 22:42:26.137,17.28106,17.28494,0.00,0.00
2011.12.06 22:42:26.472,17.28103,17.28496,0.00,0.00
2011.12.06 22:42:26.581,17.28115,17.28485,0.00,0.00
2011.12.06 22:42:26.911,17.28139,17.28459,0.00,0.00
2011.12.06 22:42:31.151,17.28114,17.28486,0.00,0.00
2011.12.06 22:42:33.632,17.28048,17.28552,0.00,0.00
2011.12.06 22:42:33.744,17.28024,17.28576,0.00,0.00
2011.12.06 22:42:34.221,17.28119,17.28481,0.00,0.00
2011.12.06 22:42:34.441,17.28149,17.28451,0.00,0.00
2011.12.06 22:42:35.009,17.28043,17.28557,0.00,0.00
2011.12.06 22:42:36.432,17.28032,17.28568,0.00,0.00
2011.12.06 22:42:36.542,17.2805,17.2855,0.00,0.00
2011.12.06 22:42:36.657,17.28059,17.28541,0.00,0.00
2011.12.06 22:42:36.777,17.28074,17.28526,0.00,0.00
2011.12.06 22:42:37.082,17.28045,17.28555,0.00,0.00
2011.12.06 22:42:43.932,17.28068,17.28532,0.00,0.00
2011.12.06 22:42:46.956,17.28043,17.28557,0.00,0.00
2011.12.06 22:42:47.476,17.2815,17.2845,0.00,0.00
2011.12.06 22:42:51.031,17.28059,17.28541,0.00,0.00
2011.12.06 22:42:51.356,17.28079,17.28521,0.00,0.00
2011.12.06 22:42:52.054,17.28028,17.2856,0.00,0.00
2011.12.06 22:42:55.347,17.27975,17.28557,0.00,0.00
2011.12.06 22:45:00.058,17.28045,17.28409,0.00,0.00
2011.12.06 22:45:00.795,17.28037,17.28381,0.00,0.00
2011.12.06 22:45:01.126,17.28029,17.28377,0.00,0.00
2011.12.06 22:45:01.349,17.27967,17.28435,0.00,0.00
2011.12.06 22:45:08.745,17.28021,17.28381,0.00,0.00
2011.12.06 22:45:08.965,17.27968,17.28432,0.00,0.00
2011.12.06 22:45:09.076,17.27984,17.28417,0.00,0.00
2011.12.06 22:45:09.186,17.28006,17.28394,0.00,0.00
2011.12.06 22:45:09.294,17.28037,17.28363,0.00,0.00
2011.12.06 22:45:10.204,17.28022,17.28378,0.00,0.00
2011.12.06 22:45:10.525,17.28006,17.28394,0.00,0.00
2011.12.06 22:45:11.866,17.28011,17.28389,0.00,0.00
2011.12.06 22:45:11.974,17.27958,17.28442,0.00,0.00
2011.12.06 22:45:17.366,17.28012,17.28389,0.00,0.00
2011.12.06 22:45:18.749,17.28002,17.28399,0.00,0.00
2011.12.06 22:45:19.245,17.28017,17.28383,0.00,0.00
2011.12.06 22:45:20.015,17.28002,17.28399,0.00,0.00
2011.12.06 22:45:20.387,17.27997,17.28403,0.00,0.00
2011.12.06 22:45:20.937,17.27967,17.28433,0.00,0.00
2011.12.06 22:45:21.049,17.27986,17.28414,0.00,0.00
2011.12.06 22:45:22.093,17.28006,17.28394,0.00,0.00
2011.12.06 22:45:22.431,17.27958,17.28442,0.00,0.00
2011.12.06 22:45:22.885,17.27943,17.28457,0.00,0.00
2011.12.06 22:45:22.994,17.28034,17.28366,0.00,0.00
2011.12.06 22:45:23.111,17.27982,17.28418,0.00,0.00
2011.12.06 22:45:24.006,17.28007,17.28393,0.00,0.00
2011.12.06 22:45:24.116,17.28022,17.28378,0.00,0.00
2011.12.06 22:45:24.226,17.27958,17.28442,0.00,0.00
2011.12.06 22:45:24.337,17.27966,17.28434,0.00,0.00
2011.12.06 22:45:25.096,17.27992,17.28408,0.00,0.00
2011.12.06 22:45:25.319,17.27985,17.28415,0.00,0.00
2011.12.06 22:45:26.136,17.28,17.284,0.00,0.00
2011.12.06 22:45:26.246,17.27975,17.28425,0.00,0.00
2011.12.06 22:45:26.355,17.28024,17.28376,0.00,0.00
2011.12.06 22:45:28.100,17.28028,17.28372,0.00,0.00
2011.12.06 22:45:28.295,17.28043,17.28357,0.00,0.00
2011.12.06 22:45:28.636,17.28044,17.28356,0.00,0.00
2011.12.06 22:45:30.292,17.28008,17.28392,0.00,0.00
2011.12.06 22:45:30.736,17.28005,17.28395,0.00,0.00
2011.12.06 22:45:31.065,17.28017,17.28383,0.00,0.00
2011.12.06 22:45:31.175,17.27958,17.28442,0.00,0.00
2011.12.06 22:45:31.394,17.28025,17.28375,0.00,0.00
2011.12.06 22:45:31.504,17.27932,17.28468,0.00,0.00
2011.12.06 22:45:31.729,17.28014,17.28387,0.00,0.00
2011.12.06 22:45:32.563,17.28041,17.28361,0.00,0.00
2011.12.06 22:45:32.674,17.28024,17.28376,0.00,0.00
2011.12.06 22:45:32.789,17.28048,17.28352,0.00,0.00
2011.12.06 22:45:33.146,17.28018,17.28382,0.00,0.00
2011.12.06 22:45:33.259,17.27958,17.28442,0.00,0.00
2011.12.06 22:45:33.562,17.2803,17.2837,0.00,0.00
2011.12.06 22:45:33.908,17.27982,17.28418,0.00,0.00
2011.12.06 22:45:34.129,17.27958,17.28442,0.00,0.00
2011.12.06 22:45:38.467,17.27998,17.28402,0.00,0.00
2011.12.06 22:45:40.385,17.28008,17.28392,0.00,0.00
2011.12.06 22:45:40.499,17.27993,17.28407,0.00,0.00
2011.12.06 22:45:40.966,17.28018,17.28382,0.00,0.00
2011.12.06 22:45:41.184,17.28033,17.28368,0.00,0.00
2011.12.06 22:45:42.025,17.28043,17.28358,0.00,0.00
2011.12.06 22:45:42.524,17.27958,17.28442,0.00,0.00
2011.12.06 22:45:43.159,17.28037,17.28363,0.00,0.00
2011.12.06 22:45:44.919,17.28022,17.28379,0.00,0.00
2011.12.06 22:45:45.579,17.28037,17.28363,0.00,0.00
2011.12.06 22:45:45.955,17.28017,17.28383,0.00,0.00
2011.12.06 22:45:46.067,17.27992,17.2841,0.00,0.00
2011.12.06 22:45:47.566,17.28008,17.28392,0.00,0.00
2011.12.06 22:45:47.785,17.28023,17.28377,0.00,0.00
2011.12.06 22:45:49.556,17.28046,17.28354,0.00,0.00
2011.12.06 22:45:49.884,17.28015,17.28385,0.00,0.00
2011.12.06 22:45:50.003,17.27948,17.28452,0.00,0.00
2011.12.06 22:45:50.116,17.27963,17.28439,0.00,0.00
2011.12.06 22:45:50.455,17.27983,17.28418,0.00,0.00
2011.12.06 22:45:50.566,17.27953,17.28447,0.00,0.00
2011.12.06 22:45:50.675,17.28028,17.28372,0.00,0.00
2011.12.06 22:45:51.306,17.27997,17.28403,0.00,0.00
2011.12.06 22:45:51.556,17.28007,17.28393,0.00,0.00
2011.12.06 22:45:51.884,17.27977,17.28423,0.00,0.00
2011.12.06 22:45:51.999,17.27958,17.28442,0.00,0.00
2011.12.06 22:45:52.116,17.27963,17.28439,0.00,0.00
2011.12.06 22:45:52.666,17.27972,17.28428,0.00,0.00
2011.12.06 22:45:52.776,17.27938,17.28462,0.00,0.00
2011.12.06 22:45:52.885,17.28013,17.28387,0.00,0.00
2011.12.06 22:45:53.266,17.27992,17.28408,0.00,0.00
2011.12.06 22:45:53.374,17.27947,17.28453,0.00,0.00
2011.12.06 22:45:53.635,17.28022,17.28378,0.00,0.00
2011.12.06 22:45:53.745,17.27938,17.28462,0.00,0.00
2011.12.06 22:45:53.856,17.27958,17.28442,0.00,0.00
2011.12.06 22:45:53.966,17.2803,17.2837,0.00,0.00
2011.12.06 22:45:54.075,17.27943,17.28457,0.00,0.00
2011.12.06 22:45:54.186,17.27997,17.28403,0.00,0.00
2011.12.06 22:45:54.296,17.27977,17.28423,0.00,0.00
2011.12.06 22:45:54.405,17.28,17.284,0.00,0.00
2011.12.06 22:45:55.036,17.28025,17.28375,0.00,0.00
2011.12.06 22:45:55.146,17.27997,17.28403,0.00,0.00
2011.12.06 22:45:55.499,17.28048,17.28352,0.00,0.00
2011.12.06 22:45:56.843,17.28032,17.28369,0.00,0.00
2011.12.06 22:45:57.603,17.28017,17.28383,0.00,0.00
2011.12.06 22:45:57.722,17.27988,17.28412,0.00,0.00
2011.12.06 22:45:57.988,17.28017,17.28383,0.00,0.00
2011.12.06 22:45:58.163,17.27997,17.28403,0.00,0.00
2011.12.06 22:45:58.451,17.2803,17.2837,0.00,0.00
2011.12.06 22:45:58.823,17.28029,17.28371,0.00,0.00
2011.12.06 22:45:59.425,17.27958,17.28442,0.00,0.00
2011.12.06 22:45:59.534,17.28005,17.28383,0.00,0.00
2011.12.06 22:45:59.646,17.27989,17.28337,0.00,0.00
2011.12.06 22:53:01.336,17.27927,17.28301,0.00,0.00
2011.12.06 22:53:03.085,17.27865,17.28305,0.00,0.00
2011.12.06 22:53:06.674,17.27886,17.28259,0.00,0.00
2011.12.06 22:53:10.443,17.27848,17.2828,0.00,0.00
2011.12.06 22:53:10.814,17.27828,17.2829,0.00,0.00
2011.12.06 22:53:10.932,17.27794,17.28308,0.00,0.00
2011.12.06 22:53:11.051,17.27854,17.28234,0.00,0.00
2011.12.06 22:53:12.240,17.27861,17.28238,0.00,0.00
2011.12.06 22:53:12.693,17.27885,17.28233,0.00,0.00
2011.12.06 22:53:16.264,17.27857,17.28253,0.00,0.00
2011.12.06 22:53:16.382,17.27841,17.28269,0.00,0.00
2011.12.06 22:53:17.244,17.27853,17.28253,0.00,0.00
2011.12.06 22:53:18.744,17.27817,17.28295,0.00,0.00
2011.12.06 22:53:20.313,17.27816,17.283,0.00,0.00
2011.12.06 22:53:20.444,17.27826,17.28292,0.00,0.00
2011.12.06 22:53:20.663,17.27874,17.28242,0.00,0.00
2011.12.06 22:53:21.724,17.2786,17.28248,0.00,0.00
2011.12.06 22:53:21.834,17.27873,17.28241,0.00,0.00
2011.12.06 22:53:22.314,17.27861,17.28259,0.00,0.00
2011.12.06 22:53:22.431,17.27834,17.28284,0.00,0.00
2011.12.06 22:53:22.981,17.2786,17.28256,0.00,0.00
2011.12.06 22:53:23.141,17.27874,17.28244,0.00,0.00
2011.12.06 22:53:23.550,17.27855,17.28259,0.00,0.00
2011.12.06 22:53:23.668,17.27801,17.28315,0.00,0.00
2011.12.06 22:53:23.983,17.27818,17.28302,0.00,0.00
2011.12.06 22:53:24.093,17.27827,17.28311,0.00,0.00
2011.12.06 22:53:24.211,17.27892,17.28268,0.00,0.00
2011.12.06 22:53:24.674,17.2791,17.28252,0.00,0.00
2011.12.06 22:53:25.199,17.27895,17.28257,0.00,0.00
2011.12.06 22:53:25.544,17.27904,17.28232,0.00,0.00
2011.12.06 22:53:25.849,17.27883,17.28239,0.00,0.00
2011.12.06 22:53:28.455,17.27861,17.28253,0.00,0.00
2011.12.06 22:53:28.783,17.27879,17.28241,0.00,0.00
2011.12.06 22:53:30.690,17.27879,17.28245,0.00,0.00
2011.12.06 22:53:32.072,17.27874,17.28251,0.00,0.00
2011.12.06 22:53:32.188,17.27857,17.28263,0.00,0.00
2011.12.06 22:53:32.970,17.27883,17.28237,0.00,0.00
2011.12.06 22:53:33.533,17.27873,17.28257,0.00,0.00
2011.12.06 22:53:33.698,17.27889,17.28237,0.00,0.00
2011.12.06 22:53:35.234,17.27861,17.28247,0.00,0.00
2011.12.06 22:53:35.342,17.27864,17.2823,0.00,0.00
2011.12.06 22:53:39.274,17.27842,17.28248,0.00,0.00
2011.12.06 22:53:42.679,17.27859,17.28235,0.00,0.00
2011.12.06 22:53:42.910,17.27817,17.28291,0.00,0.00
2011.12.06 22:53:43.023,17.27836,17.2828,0.00,0.00
2011.12.06 22:53:43.524,17.27851,17.28259,0.00,0.00
2011.12.06 22:53:44.757,17.27857,17.28245,0.00,0.00
2011.12.06 22:53:46.492,17.27855,17.28253,0.00,0.00
2011.12.06 22:53:47.214,17.2787,17.28238,0.00,0.00
2011.12.06 22:53:47.681,17.27805,17.28309,0.00,0.00
2011.12.06 22:53:47.884,17.27816,17.283,0.00,0.00
2011.12.06 22:53:47.995,17.27836,17.2828,0.00,0.00
2011.12.06 22:53:49.813,17.27864,17.28236,0.00,0.00
2011.12.06 22:53:50.075,17.27866,17.28221,0.00,0.00
2011.12.06 22:53:51.615,17.27856,17.2824,0.00,0.00
2011.12.06 22:53:51.834,17.27797,17.28311,0.00,0.00
2011.12.06 22:53:51.944,17.2782,17.28294,0.00,0.00
2011.12.06 22:53:52.054,17.27867,17.28259,0.00,0.00
2011.12.06 22:53:52.323,17.27885,17.28245,0.00,0.00
2011.12.06 22:53:53.594,17.27857,17.28257,0.00,0.00
2011.12.06 22:53:53.814,17.27869,17.28239,0.00,0.00
2011.12.06 22:53:54.064,17.27858,17.2824,0.00,0.00
2011.12.06 22:53:54.174,17.27871,17.28203,0.00,0.00
2011.12.06 22:53:54.292,17.27825,17.28221,0.00,0.00
2011.12.06 22:53:54.411,17.27829,17.28169,0.00,0.00
2011.12.06 22:59:00.001,17.27734,17.28218,0.00,0.00
2011.12.06 22:59:00.121,17.27723,17.28209,0.00,0.00
2011.12.06 22:59:00.234,17.27777,17.28179,0.00,0.00
2011.12.06 22:59:02.304,17.27864,17.28166,0.00,0.00
2011.12.06 22:59:02.414,17.2785,17.28294,0.00,0.00
2011.12.06 22:59:02.967,17.27917,17.28305,0.00,0.00
2011.12.06 22:59:03.355,17.27887,17.28315,0.00,0.00
2011.12.06 22:59:04.014,17.27866,17.28304,0.00,0.00
2011.12.06 22:59:04.123,17.27916,17.28258,0.00,0.00
2011.12.06 22:59:05.648,17.27913,17.28295,0.00,0.00
2011.12.06 22:59:06.383,17.27942,17.28356,0.00,0.00
2011.12.06 22:59:06.493,17.27956,17.2844,0.00,0.00
2011.12.06 22:59:06.604,17.28001,17.28375,0.00,0.00
2011.12.06 22:59:14.564,17.27947,17.28345,0.00,0.00
2011.12.06 22:59:14.674,17.27838,17.28352,0.00,0.00
2011.12.06 22:59:14.892,17.27825,17.28259,0.00,0.00
2011.12.06 22:59:15.231,17.27746,17.2827,0.00,0.00
2011.12.06 22:59:15.350,17.27697,17.28295,0.00,0.00
2011.12.06 22:59:17.004,17.27769,17.28245,0.00,0.00
2011.12.06 22:59:17.120,17.27797,17.28281,0.00,0.00
2011.12.06 22:59:17.233,17.2785,17.28294,0.00,0.00
2011.12.06 22:59:17.342,17.27902,17.28232,0.00,0.00
2011.12.06 22:59:17.461,17.27804,17.28214,0.00,0.00
2011.12.06 22:59:24.193,17.27769,17.28123,0.00,0.00
2011.12.06 22:59:25.033,17.2772,17.2814,0.00,0.00
2011.12.06 22:59:25.142,17.27746,17.28138,0.00,0.00
2011.12.06 22:59:25.258,17.27725,17.28209,0.00,0.00
2011.12.06 22:59:26.952,17.27841,17.28183,0.00,0.00
2011.12.06 22:59:27.062,17.27904,17.28208,0.00,0.00
2011.12.06 22:59:28.290,17.27913,17.28279,0.00,0.00
2011.12.06 22:59:28.602,17.27968,17.28352,0.00,0.00
2011.12.06 22:59:29.160,17.27969,17.28453,0.00,0.00
2011.12.06 22:59:29.272,17.28002,17.28434,0.00,0.00
2011.12.06 22:59:30.292,17.28024,17.28384,0.00,0.00
2011.12.06 22:59:30.410,17.27971,17.28397,0.00,0.00
2011.12.06 22:59:31.022,17.27971,17.28357,0.00,0.00
2011.12.06 22:59:31.133,17.27925,17.28378,0.00,0.00
2011.12.06 22:59:33.054,17.27961,17.28295,0.00,0.00
2011.12.06 22:59:33.751,17.27887,17.28293,0.00,0.00
2011.12.06 22:59:33.866,17.27862,17.28296,0.00,0.00
2011.12.06 22:59:34.142,17.27891,17.28295,0.00,0.00
2011.12.06 22:59:34.362,17.27895,17.28265,0.00,0.00
2011.12.06 22:59:39.108,17.27852,17.28202,0.00,0.00
2011.12.06 22:59:41.193,17.2774,17.28162,0.00,0.00
2011.12.06 22:59:41.413,17.27744,17.28112,0.00,0.00
2011.12.06 22:59:41.897,17.27741,17.28155,0.00,0.00
2011.12.06 22:59:43.773,17.27746,17.28166,0.00,0.00
2011.12.06 22:59:43.885,17.27746,17.28226,0.00,0.00
2011.12.06 22:59:44.313,17.278,17.28206,0.00,0.00
2011.12.06 22:59:44.424,17.27747,17.28193,0.00,0.00
2011.12.06 22:59:45.984,17.27755,17.28107,0.00,0.00
2011.12.06 22:59:46.092,17.2775,17.28078,0.00,0.00
2011.12.06 22:59:46.204,17.27722,17.28094,0.00,0.00
2011.12.06 22:59:46.763,17.27679,17.28163,0.00,0.00
2011.12.06 22:59:47.093,17.27788,17.28106,0.00,0.00
2011.12.06 22:59:47.614,17.27826,17.28164,0.00,0.00
2011.12.06 22:59:47.723,17.27893,17.28197,0.00,0.00
2011.12.06 22:59:48.573,17.2785,17.28276,0.00,0.00
2011.12.06 22:59:48.844,17.27891,17.28259,0.00,0.00
2011.12.06 22:59:48.952,17.27851,17.28335,0.00,0.00
2011.12.06 22:59:50.943,17.27936,17.28278,0.00,0.00
2011.12.06 22:59:51.274,17.27938,17.28238,0.00,0.00
2011.12.06 22:59:51.604,17.27825,17.28205,0.00,0.00
2011.12.06 22:59:51.712,17.27712,17.28204,0.00,0.00
2011.12.06 22:59:51.822,17.27761,17.28135,0.00,0.00
2011.12.06 22:59:51.941,17.27818,17.28118,0.00,0.00
2011.12.06 22:59:52.402,17.27834,17.28222,0.00,0.00
2011.12.06 22:59:53.603,17.27896,17.28322,0.00,0.00
2011.12.06 22:59:53.714,17.27894,17.2837,0.00,0.00
2011.12.06 22:59:53.934,17.2789,17.283,0.00,0.00
2011.12.06 22:59:54.604,17.27856,17.28322,0.00,0.00
2011.12.06 22:59:54.893,17.27917,17.28313,0.00,0.00
2011.12.06 22:59:55.004,17.2791,17.28356,0.00,0.00
2011.12.06 22:59:55.114,17.27994,17.28328,0.00,0.00
2011.12.06 22:59:55.332,17.28029,17.28333,0.00,0.00
2011.12.06 22:59:55.451,17.28004,17.28344,0.00,0.00
2011.12.06 22:59:55.563,17.28012,17.28322,0.00,0.00
2011.12.06 22:59:55.674,17.27927,17.28411,0.00,0.00
2011.12.06 22:59:56.064,17.27988,17.28306,0.00,0.00
2011.12.06 22:59:56.393,17.279,17.2828,0.00,0.00
2011.12.06 22:59:56.502,17.2783,17.28314,0.00,0.00
2011.12.06 22:59:56.722,17.27946,17.28272,0.00,0.00
2011.12.06 22:59:57.292,17.27982,17.283,0.00,0.00
2011.12.06 22:59:57.403,17.27968,17.28268,0.00,0.00
2011.12.06 22:59:57.521,17.27894,17.28308,0.00,0.00
2011.12.06 22:59:58.023,17.2787,17.28344,0.00,0.00
2011.12.06 22:59:58.133,17.27967,17.28267,0.00,0.00
2011.12.06 22:59:58.251,17.279,17.28384,0.00,0.00
2011.12.06 22:59:58.473,17.28003,17.28315,0.00,0.00
2011.12.06 22:59:59.201,17.27996,17.28296,0.00,0.00
2011.12.06 22:59:59.314,17.28001,17.28305,0.00,0.00
