2012.12.05 16:00:00.309,16.86052,16.86401,0.00,0.00
2012.12.05 16:00:00.430,16.86052,16.86383,0.00,0.00
2012.12.05 16:00:00.531,16.86052,16.8637,0.00,0.00
2012.12.05 16:00:00.690,16.86052,16.86407,0.00,0.00
2012.12.05 16:00:00.750,16.86052,16.86383,0.00,0.00
2012.12.05 16:00:00.810,16.86052,16.86407,0.00,0.00
2012.12.05 16:00:01.570,16.86052,16.86407,0.00,0.00
2012.12.05 16:00:01.630,16.86052,16.8636,0.00,0.00
2012.12.05 16:00:02.222,16.85977,16.86277,0.00,0.00
2012.12.05 16:00:02.470,16.85996,16.86297,0.00,0.00
2012.12.05 16:00:02.530,16.86026,16.86389,0.00,0.00
2012.12.05 16:00:02.660,16.85952,16.86297,0.00,0.00
2012.12.05 16:00:02.721,16.8592,16.86227,0.00,0.00
2012.12.05 16:00:02.990,16.85858,16.8621,0.00,0.00
2012.12.05 16:00:03.311,16.85852,16.8621,0.00,0.00
2012.12.05 16:00:03.369,16.8581,16.8611,0.00,0.00
2012.12.05 16:00:03.490,16.85852,16.8616,0.00,0.00
2012.12.05 16:00:03.645,16.85846,16.86147,0.00,0.00
2012.12.05 16:00:04.164,16.85852,16.8618,0.00,0.00
2012.12.05 16:00:04.491,16.85852,16.862,0.00,0.00
2012.12.05 16:00:05.071,16.85855,16.86218,0.00,0.00
2012.12.05 16:00:05.130,16.85855,16.86177,0.00,0.00
2012.12.05 16:00:05.190,16.85923,16.86248,0.00,0.00
2012.12.05 16:00:05.249,16.85923,16.86248,0.00,0.00
2012.12.05 16:00:05.591,16.85955,16.8626,0.00,0.00
2012.12.05 16:00:05.651,16.85873,16.86247,0.00,0.00
2012.12.05 16:00:05.990,16.85952,16.86252,0.00,0.00
2012.12.05 16:00:06.399,16.85856,16.86217,0.00,0.00
2012.12.05 16:00:06.733,16.85856,16.86187,0.00,0.00
2012.12.05 16:00:07.281,16.85852,16.86202,0.00,0.00
2012.12.05 16:00:07.340,16.85852,16.8616,0.00,0.00
2012.12.05 16:00:07.671,16.85852,16.8616,0.00,0.00
2012.12.05 16:00:08.022,16.8603,16.8633,0.00,0.00
2012.12.05 16:00:08.210,16.86067,16.86397,0.00,0.00
2012.12.05 16:00:08.511,16.85986,16.86327,0.00,0.00
2012.12.05 16:00:08.615,16.85986,16.86327,0.00,0.00
2012.12.05 16:00:08.671,16.85953,16.8631,0.00,0.00
2012.12.05 16:00:08.731,16.85958,16.86348,0.00,0.00
2012.12.05 16:00:08.808,16.85958,16.86357,0.00,0.00
2012.12.05 16:00:08.929,16.86052,16.86357,0.00,0.00
2012.12.05 16:00:09.280,16.85953,16.8631,0.00,0.00
2012.12.05 16:00:09.620,16.85953,16.86317,0.00,0.00
2012.12.05 16:00:09.911,16.85959,16.86327,0.00,0.00
2012.12.05 16:00:10.540,16.85953,16.86317,0.00,0.00
2012.12.05 16:00:10.600,16.85953,16.8631,0.00,0.00
2012.12.05 16:00:11.459,16.85952,16.86297,0.00,0.00
2012.12.05 16:00:11.762,16.86052,16.86352,0.00,0.00
2012.12.05 16:00:13.931,16.86152,16.86486,0.00,0.00
2012.12.05 16:00:14.001,16.86152,16.86507,0.00,0.00
2012.12.05 16:00:14.341,16.86152,16.86507,0.00,0.00
2012.12.05 16:00:14.460,16.86225,16.86526,0.00,0.00
2012.12.05 16:00:14.761,16.86253,16.8661,0.00,0.00
2012.12.05 16:00:15.182,16.86253,16.8661,0.00,0.00
2012.12.05 16:00:15.451,16.86253,16.86617,0.00,0.00
2012.12.05 16:00:15.511,16.86255,16.86627,0.00,0.00
2012.12.05 16:00:15.857,16.86352,16.86652,0.00,0.00
2012.12.05 16:00:16.520,16.86297,16.86597,0.00,0.00
2012.12.05 16:00:16.579,16.86253,16.86597,0.00,0.00
2012.12.05 16:00:16.639,16.86253,16.8661,0.00,0.00
2012.12.05 16:00:16.878,16.86253,16.8661,0.00,0.00
2012.12.05 16:00:17.301,16.86253,16.8661,0.00,0.00
2012.12.05 16:00:17.360,16.86253,16.8656,0.00,0.00
2012.12.05 16:00:17.960,16.86252,16.8656,0.00,0.00
2012.12.05 16:00:18.270,16.86352,16.86652,0.00,0.00
2012.12.05 16:00:18.810,16.86253,16.8661,0.00,0.00
2012.12.05 16:00:19.563,16.86253,16.8661,0.00,0.00
2012.12.05 16:00:19.790,16.86253,16.8661,0.00,0.00
2012.12.05 16:00:22.971,16.86253,16.8661,0.00,0.00
2012.12.05 16:00:23.831,16.86253,16.8661,0.00,0.00
2012.12.05 16:00:24.139,16.86273,16.8661,0.00,0.00
2012.12.05 16:00:25.021,16.86273,16.8661,0.00,0.00
2012.12.05 16:00:26.060,16.86273,16.8662,0.00,0.00
2012.12.05 16:00:26.270,16.86352,16.86657,0.00,0.00
2012.12.05 16:00:26.329,16.86352,16.86679,0.00,0.00
2012.12.05 16:00:26.603,16.86352,16.8666,0.00,0.00
2012.12.05 16:00:27.262,16.86352,16.86679,0.00,0.00
2012.12.05 16:00:28.412,16.86352,16.867,0.00,0.00
2012.12.05 16:00:28.470,16.86352,16.86707,0.00,0.00
2012.12.05 16:00:28.530,16.86412,16.86767,0.00,0.00
2012.12.05 16:00:28.590,16.86452,16.86767,0.00,0.00
2012.12.05 16:00:29.368,16.86446,16.86747,0.00,0.00
2012.12.05 16:00:29.431,16.86452,16.86752,0.00,0.00
2012.12.05 16:00:29.751,16.86383,16.86747,0.00,0.00
2012.12.05 16:00:30.050,16.86388,16.86751,0.00,0.00
2012.12.05 16:00:30.771,16.86387,16.86748,0.00,0.00
2012.12.05 16:00:31.587,16.86383,16.86747,0.00,0.00
2012.12.05 16:00:31.649,16.86309,16.8661,0.00,0.00
2012.12.05 16:00:31.769,16.86254,16.8661,0.00,0.00
2012.12.05 16:00:31.830,16.86274,16.86637,0.00,0.00
2012.12.05 16:00:32.070,16.86254,16.86617,0.00,0.00
2012.12.05 16:00:32.141,16.86274,16.86637,0.00,0.00
2012.12.05 16:00:32.741,16.86257,16.8662,0.00,0.00
2012.12.05 16:00:32.801,16.86276,16.86639,0.00,0.00
2012.12.05 16:00:33.372,16.8626,16.8656,0.00,0.00
2012.12.05 16:00:33.770,16.86253,16.86616,0.00,0.00
2012.12.05 16:00:33.831,16.86252,16.86584,0.00,0.00
2012.12.05 16:00:33.903,16.86209,16.8651,0.00,0.00
2012.12.05 16:00:33.960,16.86213,16.8652,0.00,0.00
2012.12.05 16:00:34.211,16.86213,16.86527,0.00,0.00
2012.12.05 16:00:34.931,16.86252,16.86571,0.00,0.00
2012.12.05 16:00:35.470,16.86252,16.86588,0.00,0.00
2012.12.05 16:00:35.679,16.86246,16.86547,0.00,0.00
2012.12.05 16:00:35.800,16.86252,16.86607,0.00,0.00
2012.12.05 16:00:38.119,16.86252,16.86577,0.00,0.00
2012.12.05 16:00:38.350,16.86252,16.86582,0.00,0.00
2012.12.05 16:00:38.780,16.86252,16.86602,0.00,0.00
2012.12.05 16:00:38.930,16.86252,16.86583,0.00,0.00
2012.12.05 16:00:39.139,16.86252,16.86577,0.00,0.00
2012.12.05 16:00:39.199,16.86252,16.86602,0.00,0.00
2012.12.05 16:00:40.311,16.86252,16.86582,0.00,0.00
2012.12.05 16:00:40.430,16.86252,16.8656,0.00,0.00
2012.12.05 16:00:40.620,16.86252,16.8656,0.00,0.00
2012.12.05 16:00:40.971,16.86352,16.86652,0.00,0.00
2012.12.05 16:00:41.204,16.86252,16.8656,0.00,0.00
2012.12.05 16:00:41.620,16.86252,16.8656,0.00,0.00
2012.12.05 16:00:42.351,16.86253,16.86616,0.00,0.00
2012.12.05 16:00:42.480,16.86252,16.86597,0.00,0.00
2012.12.05 16:00:42.540,16.86352,16.86652,0.00,0.00
2012.12.05 16:00:43.007,16.86352,16.86711,0.00,0.00
2012.12.05 16:00:43.318,16.86347,16.86647,0.00,0.00
2012.12.05 16:00:43.440,16.86357,16.86677,0.00,0.00
2012.12.05 16:00:43.851,16.86352,16.86683,0.00,0.00
2012.12.05 16:00:44.030,16.86352,16.86702,0.00,0.00
2012.12.05 16:00:44.334,16.86355,16.86718,0.00,0.00
2012.12.05 16:00:44.749,16.86352,16.86699,0.00,0.00
2012.12.05 16:00:45.295,16.86355,16.86718,0.00,0.00
2012.12.05 16:00:45.681,16.86352,16.86699,0.00,0.00
2012.12.05 16:00:46.500,16.86355,16.86718,0.00,0.00
2012.12.05 16:00:47.839,16.86374,16.86737,0.00,0.00
2012.12.05 16:00:47.959,16.86352,16.86699,0.00,0.00
2012.12.05 16:00:48.290,16.86353,16.86716,0.00,0.00
2012.12.05 16:00:48.500,16.86352,16.86696,0.00,0.00
2012.12.05 16:00:48.780,16.86353,16.86716,0.00,0.00
2012.12.05 16:00:50.131,16.86352,16.86687,0.00,0.00
2012.12.05 16:00:50.409,16.86352,16.86703,0.00,0.00
2012.12.05 16:00:51.381,16.86352,16.86681,0.00,0.00
2012.12.05 16:00:51.771,16.86352,16.8666,0.00,0.00
2012.12.05 16:00:51.838,16.86306,16.86607,0.00,0.00
2012.12.05 16:00:51.901,16.86321,16.86622,0.00,0.00
2012.12.05 16:00:52.051,16.86256,16.86557,0.00,0.00
2012.12.05 16:00:52.640,16.86287,16.86587,0.00,0.00
2012.12.05 16:00:53.050,16.86352,16.86652,0.00,0.00
2012.12.05 16:00:53.518,16.86277,16.86577,0.00,0.00
2012.12.05 16:00:53.791,16.86352,16.86652,0.00,0.00
2012.12.05 16:00:55.384,16.86353,16.86716,0.00,0.00
2012.12.05 16:00:55.510,16.86352,16.86652,0.00,0.00
2012.12.05 16:00:55.641,16.86305,16.86627,0.00,0.00
2012.12.05 16:00:56.198,16.86297,16.86597,0.00,0.00
2012.12.05 16:00:57.020,16.86325,16.86627,0.00,0.00
2012.12.05 16:00:57.531,16.86252,16.86577,0.00,0.00
2012.12.05 16:00:57.590,16.86252,16.86577,0.00,0.00
2012.12.05 16:00:57.650,16.86252,16.86552,0.00,0.00
2012.12.05 16:00:57.920,16.86173,16.86527,0.00,0.00
2012.12.05 16:00:57.980,16.86173,16.8651,0.00,0.00
2012.12.05 16:00:58.341,16.85892,16.86234,0.00,0.00
2012.12.05 16:00:58.410,16.85942,16.86242,0.00,0.00
2012.12.05 16:00:58.470,16.85886,16.86187,0.00,0.00
2012.12.05 16:00:58.649,16.85857,16.8621,0.00,0.00
2012.12.05 16:00:58.730,16.85876,16.86239,0.00,0.00
2012.12.05 16:00:59.577,16.85856,16.86219,0.00,0.00
2012.12.05 16:00:59.970,16.8581,16.8611,0.00,0.00
2012.12.05 16:01:00.161,16.85762,16.86125,0.00,0.00
2012.12.05 16:01:00.258,16.85762,16.8611,0.00,0.00
2012.12.05 16:01:00.380,16.85756,16.86057,0.00,0.00
2012.12.05 16:01:00.441,16.85762,16.8611,0.00,0.00
2012.12.05 16:01:00.543,16.85852,16.86152,0.00,0.00
2012.12.05 16:01:00.870,16.85662,16.8597,0.00,0.00
2012.12.05 16:01:01.281,16.8561,16.8591,0.00,0.00
2012.12.05 16:01:01.341,16.85552,16.85867,0.00,0.00
2012.12.05 16:01:01.411,16.85552,16.85867,0.00,0.00
2012.12.05 16:01:01.471,16.85552,16.8586,0.00,0.00
2012.12.05 16:01:01.890,16.85552,16.85874,0.00,0.00
2012.12.05 16:01:02.239,16.85552,16.85913,0.00,0.00
2012.12.05 16:01:02.300,16.85552,16.85857,0.00,0.00
2012.12.05 16:01:02.360,16.85552,16.85857,0.00,0.00
2012.12.05 16:01:02.420,16.85552,16.85877,0.00,0.00
2012.12.05 16:01:02.560,16.85552,16.85877,0.00,0.00
2012.12.05 16:01:02.810,16.85564,16.85927,0.00,0.00
2012.12.05 16:01:03.300,16.85552,16.85907,0.00,0.00
2012.12.05 16:01:03.586,16.85552,16.8586,0.00,0.00
2012.12.05 16:01:03.640,16.85552,16.85888,0.00,0.00
2012.12.05 16:01:03.956,16.85552,16.85877,0.00,0.00
2012.12.05 16:01:04.010,16.85572,16.85935,0.00,0.00
2012.12.05 16:01:04.071,16.85572,16.85937,0.00,0.00
2012.12.05 16:01:04.375,16.85592,16.85955,0.00,0.00
2012.12.05 16:01:04.443,16.85572,16.85937,0.00,0.00
2012.12.05 16:01:04.499,16.85592,16.85955,0.00,0.00
2012.12.05 16:01:04.641,16.85573,16.85937,0.00,0.00
2012.12.05 16:01:04.770,16.85573,16.8591,0.00,0.00
2012.12.05 16:01:04.831,16.8558,16.85937,0.00,0.00
2012.12.05 16:01:04.991,16.85613,16.85948,0.00,0.00
2012.12.05 16:01:05.050,16.85613,16.8596,0.00,0.00
2012.12.05 16:01:05.410,16.85666,16.86029,0.00,0.00
2012.12.05 16:01:05.470,16.85652,16.85992,0.00,0.00
2012.12.05 16:01:05.650,16.85657,16.8602,0.00,0.00
2012.12.05 16:01:05.710,16.85657,16.85967,0.00,0.00
2012.12.05 16:01:05.830,16.85652,16.86001,0.00,0.00
2012.12.05 16:01:06.010,16.85638,16.85948,0.00,0.00
2012.12.05 16:01:06.069,16.85563,16.8587,0.00,0.00
2012.12.05 16:01:06.132,16.85552,16.85867,0.00,0.00
2012.12.05 16:01:06.460,16.85552,16.85886,0.00,0.00
2012.12.05 16:01:06.780,16.85463,16.85848,0.00,0.00
2012.12.05 16:01:06.899,16.85452,16.85757,0.00,0.00
2012.12.05 16:01:07.019,16.85452,16.85757,0.00,0.00
2012.12.05 16:01:07.169,16.85452,16.85763,0.00,0.00
2012.12.05 16:01:07.230,16.85452,16.85757,0.00,0.00
2012.12.05 16:01:07.580,16.85359,16.8566,0.00,0.00
2012.12.05 16:01:07.890,16.85552,16.85857,0.00,0.00
2012.12.05 16:01:08.109,16.85493,16.85848,0.00,0.00
2012.12.05 16:01:08.230,16.85552,16.85887,0.00,0.00
2012.12.05 16:01:08.290,16.85552,16.85914,0.00,0.00
2012.12.05 16:01:08.427,16.85552,16.85887,0.00,0.00
2012.12.05 16:01:08.491,16.85552,16.85897,0.00,0.00
2012.12.05 16:01:08.721,16.85552,16.85914,0.00,0.00
2012.12.05 16:01:09.436,16.85652,16.85961,0.00,0.00
2012.12.05 16:01:09.553,16.8571,16.8601,0.00,0.00
2012.12.05 16:01:09.680,16.85652,16.8601,0.00,0.00
2012.12.05 16:01:09.809,16.85652,16.85987,0.00,0.00
2012.12.05 16:01:10.133,16.85652,16.85999,0.00,0.00
2012.12.05 16:01:10.798,16.85713,16.86048,0.00,0.00
2012.12.05 16:01:10.860,16.85752,16.86077,0.00,0.00
2012.12.05 16:01:10.920,16.85752,16.86097,0.00,0.00
2012.12.05 16:01:11.040,16.85763,16.8611,0.00,0.00
2012.12.05 16:01:11.100,16.85763,16.86127,0.00,0.00
2012.12.05 16:01:11.461,16.85852,16.8616,0.00,0.00
2012.12.05 16:01:11.830,16.85852,16.8616,0.00,0.00
2012.12.05 16:01:13.642,16.85852,16.8617,0.00,0.00
2012.12.05 16:01:13.950,16.85852,16.86197,0.00,0.00
2012.12.05 16:01:14.010,16.85852,16.8621,0.00,0.00
2012.12.05 16:01:14.427,16.85852,16.86197,0.00,0.00
2012.12.05 16:01:14.790,16.85952,16.86252,0.00,0.00
2012.12.05 16:01:15.088,16.85952,16.86257,0.00,0.00
2012.12.05 16:01:15.238,16.85952,16.8626,0.00,0.00
2012.12.05 16:01:15.638,16.85952,16.8626,0.00,0.00
2012.12.05 16:01:15.910,16.85952,16.8626,0.00,0.00
2012.12.05 16:01:16.162,16.85952,16.8627,0.00,0.00
2012.12.05 16:01:16.220,16.85952,16.86317,0.00,0.00
2012.12.05 16:01:16.280,16.85952,16.86317,0.00,0.00
2012.12.05 16:01:16.450,16.85952,16.86317,0.00,0.00
2012.12.05 16:01:16.602,16.86052,16.86352,0.00,0.00
2012.12.05 16:01:16.660,16.86003,16.86337,0.00,0.00
2012.12.05 16:01:20.174,16.85952,16.86307,0.00,0.00
2012.12.05 16:01:20.230,16.85952,16.86307,0.00,0.00
2012.12.05 16:01:20.349,16.85952,16.86307,0.00,0.00
2012.12.05 16:01:20.699,16.85952,16.86307,0.00,0.00
2012.12.05 16:01:20.820,16.85952,16.86287,0.00,0.00
2012.12.05 16:01:21.099,16.85952,16.86287,0.00,0.00
2012.12.05 16:01:21.362,16.85952,16.86297,0.00,0.00
2012.12.05 16:01:21.467,16.85952,16.86307,0.00,0.00
2012.12.05 16:01:21.546,16.86052,16.86352,0.00,0.00
2012.12.05 16:01:21.969,16.85952,16.86307,0.00,0.00
2012.12.05 16:01:22.040,16.85952,16.86307,0.00,0.00
2012.12.05 16:01:22.951,16.85952,16.86307,0.00,0.00
2012.12.05 16:01:23.480,16.85952,16.86307,0.00,0.00
2012.12.05 16:01:24.351,16.8598,16.86307,0.00,0.00
2012.12.05 16:01:24.710,16.86152,16.86457,0.00,0.00
2012.12.05 16:01:24.770,16.86152,16.86477,0.00,0.00
2012.12.05 16:01:25.740,16.86152,16.86497,0.00,0.00
2012.12.05 16:01:25.860,16.86163,16.8651,0.00,0.00
2012.12.05 16:01:25.920,16.86163,16.8651,0.00,0.00
2012.12.05 16:01:26.222,16.8601,16.8631,0.00,0.00
2012.12.05 16:01:26.350,16.85917,16.86218,0.00,0.00
2012.12.05 16:01:26.472,16.85952,16.86267,0.00,0.00
2012.12.05 16:01:26.601,16.85952,16.86267,0.00,0.00
2012.12.05 16:01:27.200,16.85936,16.86237,0.00,0.00
2012.12.05 16:01:27.382,16.85852,16.8617,0.00,0.00
2012.12.05 16:01:27.648,16.85852,16.86197,0.00,0.00
2012.12.05 16:01:28.000,16.85852,16.86197,0.00,0.00
2012.12.05 16:01:28.120,16.85893,16.8621,0.00,0.00
2012.12.05 16:01:28.180,16.85893,16.86248,0.00,0.00
2012.12.05 16:01:28.240,16.85952,16.86287,0.00,0.00
2012.12.05 16:01:28.809,16.85973,16.86348,0.00,0.00
2012.12.05 16:01:28.921,16.85982,16.86348,0.00,0.00
2012.12.05 16:01:29.220,16.86052,16.86357,0.00,0.00
2012.12.05 16:01:29.342,16.86052,16.86383,0.00,0.00
2012.12.05 16:01:29.547,16.86052,16.86387,0.00,0.00
2012.12.05 16:01:29.841,16.86052,16.86387,0.00,0.00
2012.12.05 16:01:30.020,16.86052,16.86407,0.00,0.00
2012.12.05 16:01:30.141,16.86052,16.86407,0.00,0.00
2012.12.05 16:01:30.770,16.86083,16.86448,0.00,0.00
2012.12.05 16:01:30.890,16.86083,16.86448,0.00,0.00
2012.12.05 16:01:31.051,16.86083,16.86448,0.00,0.00
2012.12.05 16:01:31.279,16.86083,16.8641,0.00,0.00
2012.12.05 16:01:31.400,16.86083,16.86448,0.00,0.00
2012.12.05 16:01:31.460,16.86063,16.86427,0.00,0.00
2012.12.05 16:01:31.702,16.86063,16.8641,0.00,0.00
2012.12.05 16:01:31.820,16.86063,16.8641,0.00,0.00
2012.12.05 16:01:31.880,16.86063,16.86427,0.00,0.00
2012.12.05 16:01:32.000,16.86093,16.86448,0.00,0.00
2012.12.05 16:01:32.651,16.86093,16.86448,0.00,0.00
2012.12.05 16:01:32.730,16.8606,16.8636,0.00,0.00
2012.12.05 16:01:32.850,16.86026,16.86327,0.00,0.00
2012.12.05 16:01:32.989,16.86052,16.86387,0.00,0.00
2012.12.05 16:01:33.200,16.86052,16.86387,0.00,0.00
2012.12.05 16:01:33.261,16.86052,16.86387,0.00,0.00
2012.12.05 16:01:33.366,16.86052,16.86387,0.00,0.00
2012.12.05 16:01:33.811,16.86052,16.86387,0.00,0.00
2012.12.05 16:01:34.608,16.86052,16.8641,0.00,0.00
2012.12.05 16:01:34.669,16.86052,16.8641,0.00,0.00
2012.12.05 16:01:35.267,16.86083,16.86437,0.00,0.00
2012.12.05 16:01:35.694,16.8613,16.86437,0.00,0.00
2012.12.05 16:01:36.081,16.86252,16.8656,0.00,0.00
2012.12.05 16:01:36.380,16.86352,16.86697,0.00,0.00
2012.12.05 16:01:37.100,16.86352,16.8666,0.00,0.00
2012.12.05 16:01:37.161,16.86352,16.8666,0.00,0.00
2012.12.05 16:01:38.129,16.86352,16.86677,0.00,0.00
2012.12.05 16:01:38.189,16.86352,16.86697,0.00,0.00
2012.12.05 16:01:38.848,16.86352,16.86727,0.00,0.00
2012.12.05 16:01:38.941,16.86352,16.86727,0.00,0.00
2012.12.05 16:01:39.255,16.86452,16.86797,0.00,0.00
2012.12.05 16:01:39.540,16.86452,16.86797,0.00,0.00
2012.12.05 16:01:39.599,16.86452,16.86797,0.00,0.00
2012.12.05 16:01:39.931,16.86452,16.86797,0.00,0.00
2012.12.05 16:01:40.200,16.86452,16.86797,0.00,0.00
2012.12.05 16:01:40.481,16.86452,16.86797,0.00,0.00
2012.12.05 16:01:41.870,16.86452,16.86797,0.00,0.00
2012.12.05 16:01:42.670,16.86452,16.86797,0.00,0.00
2012.12.05 16:01:42.730,16.86452,16.86777,0.00,0.00
2012.12.05 16:01:43.511,16.86452,16.8676,0.00,0.00
2012.12.05 16:01:43.853,16.86452,16.8676,0.00,0.00
2012.12.05 16:01:43.910,16.86452,16.8676,0.00,0.00
2012.12.05 16:01:45.070,16.86403,16.86748,0.00,0.00
2012.12.05 16:01:45.190,16.86383,16.86747,0.00,0.00
2012.12.05 16:01:45.610,16.86383,16.8671,0.00,0.00
2012.12.05 16:01:45.670,16.86383,16.8671,0.00,0.00
2012.12.05 16:01:45.730,16.86383,16.86744,0.00,0.00
2012.12.05 16:01:45.860,16.86353,16.8671,0.00,0.00
2012.12.05 16:01:46.081,16.86353,16.8671,0.00,0.00
2012.12.05 16:01:46.140,16.86353,16.8671,0.00,0.00
2012.12.05 16:01:46.700,16.86352,16.86697,0.00,0.00
2012.12.05 16:01:47.343,16.86352,16.86697,0.00,0.00
2012.12.05 16:01:47.400,16.86352,16.8666,0.00,0.00
2012.12.05 16:01:48.143,16.86352,16.8666,0.00,0.00
2012.12.05 16:01:48.790,16.86352,16.8666,0.00,0.00
2012.12.05 16:01:48.850,16.86352,16.86697,0.00,0.00
2012.12.05 16:01:50.125,16.86352,16.8666,0.00,0.00
2012.12.05 16:01:50.180,16.86352,16.8666,0.00,0.00
2012.12.05 16:01:50.531,16.86352,16.8667,0.00,0.00
2012.12.05 16:01:50.830,16.86352,16.86697,0.00,0.00
2012.12.05 16:01:51.701,16.86403,16.86748,0.00,0.00
2012.12.05 16:01:52.067,16.86403,16.86757,0.00,0.00
2012.12.05 16:01:52.609,16.86403,16.86748,0.00,0.00
2012.12.05 16:01:52.725,16.86403,16.8675,0.00,0.00
2012.12.05 16:01:52.792,16.86423,16.86786,0.00,0.00
2012.12.05 16:01:52.921,16.86423,16.86767,0.00,0.00
2012.12.05 16:01:53.030,16.86423,16.86748,0.00,0.00
2012.12.05 16:01:53.160,16.86423,16.86748,0.00,0.00
2012.12.05 16:01:53.590,16.86403,16.86748,0.00,0.00
2012.12.05 16:01:53.790,16.86403,16.86755,0.00,0.00
2012.12.05 16:01:54.171,16.86403,16.86748,0.00,0.00
2012.12.05 16:01:54.290,16.86373,16.86727,0.00,0.00
2012.12.05 16:01:54.960,16.86352,16.86717,0.00,0.00
2012.12.05 16:01:55.020,16.86352,16.867,0.00,0.00
2012.12.05 16:01:55.101,16.8635,16.8665,0.00,0.00
2012.12.05 16:01:55.339,16.86352,16.867,0.00,0.00
2012.12.05 16:01:55.467,16.86352,16.86687,0.00,0.00
2012.12.05 16:01:56.770,16.86452,16.86752,0.00,0.00
2012.12.05 16:01:56.890,16.86383,16.86717,0.00,0.00
2012.12.05 16:01:56.950,16.86452,16.86756,0.00,0.00
2012.12.05 16:01:57.010,16.86452,16.8676,0.00,0.00
2012.12.05 16:01:57.291,16.86452,16.8676,0.00,0.00
2012.12.05 16:01:58.590,16.86452,16.86767,0.00,0.00
2012.12.05 16:01:58.649,16.86452,16.8676,0.00,0.00
2012.12.05 16:01:58.968,16.86458,16.86821,0.00,0.00
2012.12.05 16:01:59.030,16.86473,16.86837,0.00,0.00
2012.12.05 16:01:59.921,16.86458,16.86817,0.00,0.00
2012.12.05 16:02:00.100,16.86452,16.8676,0.00,0.00
2012.12.05 16:02:00.231,16.86452,16.86767,0.00,0.00
2012.12.05 16:02:00.415,16.86452,16.8676,0.00,0.00
2012.12.05 16:02:02.149,16.86409,16.8671,0.00,0.00
2012.12.05 16:02:02.210,16.86393,16.8672,0.00,0.00
2012.12.05 16:02:02.271,16.86354,16.86707,0.00,0.00
2012.12.05 16:02:02.330,16.86352,16.86707,0.00,0.00
2012.12.05 16:02:02.727,16.86352,16.86687,0.00,0.00
2012.12.05 16:02:03.050,16.8651,16.86848,0.00,0.00
2012.12.05 16:02:03.170,16.86453,16.8681,0.00,0.00
2012.12.05 16:02:03.231,16.86453,16.8681,0.00,0.00
2012.12.05 16:02:03.500,16.86452,16.86807,0.00,0.00
2012.12.05 16:02:04.210,16.86452,16.86807,0.00,0.00
2012.12.05 16:02:04.270,16.86453,16.86837,0.00,0.00
2012.12.05 16:02:04.330,16.86473,16.86837,0.00,0.00
2012.12.05 16:02:04.671,16.86453,16.8681,0.00,0.00
2012.12.05 16:02:04.781,16.86453,16.8681,0.00,0.00
2012.12.05 16:02:05.740,16.86453,16.8676,0.00,0.00
2012.12.05 16:02:05.800,16.86453,16.86817,0.00,0.00
2012.12.05 16:02:05.860,16.86453,16.86817,0.00,0.00
2012.12.05 16:02:05.920,16.86473,16.86848,0.00,0.00
2012.12.05 16:02:05.991,16.86489,16.8686,0.00,0.00
2012.12.05 16:02:06.391,16.86473,16.86848,0.00,0.00
2012.12.05 16:02:06.450,16.86459,16.8676,0.00,0.00
2012.12.05 16:02:06.570,16.86473,16.86813,0.00,0.00
2012.12.05 16:02:06.630,16.8646,16.8676,0.00,0.00
2012.12.05 16:02:06.690,16.86452,16.8676,0.00,0.00
2012.12.05 16:02:06.940,16.86352,16.86748,0.00,0.00
2012.12.05 16:02:07.001,16.86352,16.86667,0.00,0.00
2012.12.05 16:02:07.060,16.86352,16.86667,0.00,0.00
2012.12.05 16:02:07.120,16.86352,16.8666,0.00,0.00
2012.12.05 16:02:07.332,16.86352,16.86697,0.00,0.00
2012.12.05 16:02:08.692,16.86352,16.86697,0.00,0.00
2012.12.05 16:02:08.810,16.86353,16.8671,0.00,0.00
2012.12.05 16:02:09.023,16.86353,16.8671,0.00,0.00
2012.12.05 16:02:09.140,16.86452,16.86752,0.00,0.00
2012.12.05 16:02:09.200,16.86452,16.86767,0.00,0.00
2012.12.05 16:02:09.438,16.86552,16.86852,0.00,0.00
2012.12.05 16:02:09.631,16.86552,16.86853,0.00,0.00
2012.12.05 16:02:09.690,16.8656,16.8686,0.00,0.00
2012.12.05 16:02:09.810,16.86614,16.86977,0.00,0.00
2012.12.05 16:02:09.951,16.86634,16.86997,0.00,0.00
2012.12.05 16:02:10.020,16.86614,16.86977,0.00,0.00
2012.12.05 16:02:10.140,16.86634,16.86997,0.00,0.00
2012.12.05 16:02:10.562,16.86614,16.86977,0.00,0.00
2012.12.05 16:02:10.690,16.86595,16.86958,0.00,0.00
2012.12.05 16:02:10.810,16.86511,16.86874,0.00,0.00
2012.12.05 16:02:10.970,16.86487,16.86787,0.00,0.00
2012.12.05 16:02:11.052,16.86531,16.86894,0.00,0.00
2012.12.05 16:02:11.120,16.86511,16.86874,0.00,0.00
2012.12.05 16:02:11.240,16.86479,16.86842,0.00,0.00
2012.12.05 16:02:11.381,16.86447,16.86748,0.00,0.00
2012.12.05 16:02:11.550,16.86417,16.86717,0.00,0.00
2012.12.05 16:02:11.821,16.86443,16.86806,0.00,0.00
2012.12.05 16:02:12.201,16.86461,16.86824,0.00,0.00
2012.12.05 16:02:12.407,16.86443,16.86806,0.00,0.00
2012.12.05 16:02:12.530,16.86453,16.86827,0.00,0.00
2012.12.05 16:02:12.590,16.86555,16.86918,0.00,0.00
2012.12.05 16:02:13.100,16.86526,16.86827,0.00,0.00
2012.12.05 16:02:13.220,16.86546,16.86847,0.00,0.00
2012.12.05 16:02:13.281,16.86547,16.86848,0.00,0.00
2012.12.05 16:02:13.341,16.86496,16.86797,0.00,0.00
2012.12.05 16:02:13.606,16.86518,16.86881,0.00,0.00
2012.12.05 16:02:13.991,16.86498,16.86861,0.00,0.00
2012.12.05 16:02:14.541,16.86518,16.86881,0.00,0.00
2012.12.05 16:02:14.890,16.86498,16.86861,0.00,0.00
2012.12.05 16:02:15.312,16.8646,16.8676,0.00,0.00
2012.12.05 16:02:15.470,16.86479,16.86842,0.00,0.00
2012.12.05 16:02:15.571,16.86499,16.86862,0.00,0.00
2012.12.05 16:02:15.850,16.86497,16.86797,0.00,0.00
2012.12.05 16:02:15.910,16.86518,16.86881,0.00,0.00
2012.12.05 16:02:16.718,16.86489,16.86848,0.00,0.00
2012.12.05 16:02:18.655,16.86508,16.86871,0.00,0.00
2012.12.05 16:02:19.260,16.86452,16.86803,0.00,0.00
2012.12.05 16:02:20.104,16.86452,16.8676,0.00,0.00
2012.12.05 16:02:20.220,16.86452,16.86752,0.00,0.00
2012.12.05 16:02:20.491,16.86459,16.86822,0.00,0.00
2012.12.05 16:02:21.254,16.86452,16.86803,0.00,0.00
2012.12.05 16:02:22.244,16.86459,16.86822,0.00,0.00
2012.12.05 16:02:22.430,16.86497,16.86817,0.00,0.00
2012.12.05 16:02:22.980,16.86536,16.86837,0.00,0.00
2012.12.05 16:02:23.391,16.86552,16.86897,0.00,0.00
2012.12.05 16:02:23.692,16.86643,16.87006,0.00,0.00
2012.12.05 16:02:23.847,16.86643,16.86948,0.00,0.00
2012.12.05 16:02:23.912,16.8661,16.86973,0.00,0.00
2012.12.05 16:02:24.048,16.86652,16.87001,0.00,0.00
2012.12.05 16:02:24.110,16.86652,16.87001,0.00,0.00
2012.12.05 16:02:24.350,16.86652,16.86967,0.00,0.00
2012.12.05 16:02:24.410,16.86667,16.8703,0.00,0.00
2012.12.05 16:02:24.590,16.86719,16.87047,0.00,0.00
2012.12.05 16:02:24.650,16.86752,16.87077,0.00,0.00
2012.12.05 16:02:24.712,16.86752,16.87077,0.00,0.00
2012.12.05 16:02:24.770,16.86752,16.87097,0.00,0.00
2012.12.05 16:02:25.066,16.8673,16.87127,0.00,0.00
2012.12.05 16:02:25.287,16.86763,16.87127,0.00,0.00
2012.12.05 16:02:25.633,16.86763,16.87127,0.00,0.00
2012.12.05 16:02:25.732,16.86763,16.87127,0.00,0.00
2012.12.05 16:02:25.790,16.86763,16.87127,0.00,0.00
2012.12.05 16:02:26.561,16.86763,16.87127,0.00,0.00
2012.12.05 16:02:26.621,16.86763,16.87147,0.00,0.00
2012.12.05 16:02:26.711,16.86777,16.87147,0.00,0.00
2012.12.05 16:02:26.992,16.86783,16.87147,0.00,0.00
2012.12.05 16:02:27.450,16.86852,16.87167,0.00,0.00
2012.12.05 16:02:27.510,16.86852,16.87197,0.00,0.00
2012.12.05 16:02:27.750,16.86852,16.87227,0.00,0.00
2012.12.05 16:02:28.062,16.86852,16.87227,0.00,0.00
2012.12.05 16:02:28.495,16.8687,16.87237,0.00,0.00
2012.12.05 16:02:28.560,16.86873,16.87227,0.00,0.00
2012.12.05 16:02:29.420,16.86898,16.87261,0.00,0.00
2012.12.05 16:02:29.712,16.86893,16.87248,0.00,0.00
2012.12.05 16:02:29.900,16.86952,16.8726,0.00,0.00
2012.12.05 16:02:29.960,16.86952,16.8728,0.00,0.00
2012.12.05 16:02:30.080,16.86952,16.8731,0.00,0.00
2012.12.05 16:02:30.140,16.86952,16.87277,0.00,0.00
2012.12.05 16:02:30.697,16.86952,16.8726,0.00,0.00
2012.12.05 16:02:30.940,16.86952,16.8726,0.00,0.00
2012.12.05 16:02:31.000,16.86952,16.8726,0.00,0.00
2012.12.05 16:02:31.449,16.86893,16.87248,0.00,0.00
2012.12.05 16:02:31.510,16.86852,16.8716,0.00,0.00
2012.12.05 16:02:31.713,16.86852,16.87167,0.00,0.00
2012.12.05 16:02:31.830,16.86855,16.87187,0.00,0.00
2012.12.05 16:02:32.010,16.86852,16.87199,0.00,0.00
2012.12.05 16:02:32.070,16.86852,16.8716,0.00,0.00
2012.12.05 16:02:32.190,16.86833,16.8716,0.00,0.00
2012.12.05 16:02:32.249,16.86833,16.87148,0.00,0.00
2012.12.05 16:02:32.310,16.86803,16.87148,0.00,0.00
2012.12.05 16:02:32.820,16.86763,16.87137,0.00,0.00
2012.12.05 16:02:32.879,16.86763,16.87137,0.00,0.00
2012.12.05 16:02:33.060,16.86827,16.87148,0.00,0.00
2012.12.05 16:02:33.131,16.86827,16.87148,0.00,0.00
2012.12.05 16:02:33.190,16.86827,16.87197,0.00,0.00
2012.12.05 16:02:33.371,16.86852,16.8716,0.00,0.00
2012.12.05 16:02:33.430,16.86852,16.8716,0.00,0.00
2012.12.05 16:02:33.490,16.86846,16.87147,0.00,0.00
2012.12.05 16:02:33.855,16.86852,16.87163,0.00,0.00
2012.12.05 16:02:34.126,16.86823,16.8717,0.00,0.00
2012.12.05 16:02:34.180,16.86852,16.87187,0.00,0.00
2012.12.05 16:02:34.240,16.86922,16.87277,0.00,0.00
2012.12.05 16:02:34.360,16.86952,16.8726,0.00,0.00
2012.12.05 16:02:34.421,16.86952,16.87285,0.00,0.00
2012.12.05 16:02:34.480,16.86952,16.8731,0.00,0.00
2012.12.05 16:02:34.721,16.86952,16.8731,0.00,0.00
2012.12.05 16:02:34.840,16.86952,16.8731,0.00,0.00
2012.12.05 16:02:34.996,16.86952,16.8731,0.00,0.00
2012.12.05 16:02:35.161,16.86952,16.8731,0.00,0.00
2012.12.05 16:02:35.500,16.86952,16.87317,0.00,0.00
2012.12.05 16:02:35.620,16.86952,16.87317,0.00,0.00
2012.12.05 16:02:35.820,16.86973,16.87337,0.00,0.00
2012.12.05 16:02:36.236,16.86973,16.87348,0.00,0.00
2012.12.05 16:02:36.831,16.87023,16.87386,0.00,0.00
2012.12.05 16:02:37.110,16.87052,16.87427,0.00,0.00
2012.12.05 16:02:37.170,16.87325,16.87652,0.00,0.00
2012.12.05 16:02:37.240,16.87209,16.8751,0.00,0.00
2012.12.05 16:02:37.300,16.87252,16.87552,0.00,0.00
2012.12.05 16:02:37.360,16.87373,16.87673,0.00,0.00
2012.12.05 16:02:37.480,16.87248,16.87548,0.00,0.00
2012.12.05 16:02:37.551,16.87248,16.87548,0.00,0.00
2012.12.05 16:02:37.610,16.8716,16.8746,0.00,0.00
2012.12.05 16:02:38.093,16.87083,16.8746,0.00,0.00
2012.12.05 16:02:38.251,16.87096,16.8746,0.00,0.00
2012.12.05 16:02:38.370,16.8713,16.87548,0.00,0.00
2012.12.05 16:02:38.471,16.8713,16.87548,0.00,0.00
2012.12.05 16:02:38.800,16.87152,16.8751,0.00,0.00
2012.12.05 16:02:39.165,16.87152,16.8746,0.00,0.00
2012.12.05 16:02:39.620,16.87152,16.87466,0.00,0.00
2012.12.05 16:02:39.740,16.87252,16.87608,0.00,0.00
2012.12.05 16:02:39.891,16.87252,16.8761,0.00,0.00
2012.12.05 16:02:40.049,16.87252,16.8761,0.00,0.00
2012.12.05 16:02:40.109,16.87252,16.8756,0.00,0.00
2012.12.05 16:02:40.230,16.87252,16.8761,0.00,0.00
2012.12.05 16:02:41.130,16.87253,16.8761,0.00,0.00
2012.12.05 16:02:41.250,16.87253,16.8761,0.00,0.00
2012.12.05 16:02:41.316,16.87253,16.87617,0.00,0.00
2012.12.05 16:02:41.371,16.87253,16.87617,0.00,0.00
2012.12.05 16:02:41.817,16.87253,16.87575,0.00,0.00
2012.12.05 16:02:41.880,16.87253,16.8761,0.00,0.00
2012.12.05 16:02:41.968,16.87253,16.8756,0.00,0.00
2012.12.05 16:02:42.100,16.87253,16.8756,0.00,0.00
2012.12.05 16:02:42.561,16.87252,16.8756,0.00,0.00
2012.12.05 16:02:42.620,16.87252,16.8756,0.00,0.00
2012.12.05 16:02:43.450,16.87252,16.8756,0.00,0.00
2012.12.05 16:02:43.510,16.87252,16.87607,0.00,0.00
2012.12.05 16:02:43.570,16.87252,16.87607,0.00,0.00
2012.12.05 16:02:43.870,16.87193,16.87548,0.00,0.00
2012.12.05 16:02:44.011,16.87252,16.8756,0.00,0.00
2012.12.05 16:02:44.129,16.87252,16.8756,0.00,0.00
2012.12.05 16:02:44.230,16.87252,16.87567,0.00,0.00
2012.12.05 16:02:44.612,16.87252,16.8756,0.00,0.00
2012.12.05 16:02:44.671,16.87167,16.87467,0.00,0.00
2012.12.05 16:02:44.790,16.87167,16.87467,0.00,0.00
2012.12.05 16:02:44.850,16.87152,16.87467,0.00,0.00
2012.12.05 16:02:45.070,16.87162,16.87525,0.00,0.00
2012.12.05 16:02:45.528,16.87162,16.87525,0.00,0.00
2012.12.05 16:02:45.842,16.87152,16.87452,0.00,0.00
2012.12.05 16:02:45.900,16.87162,16.87525,0.00,0.00
2012.12.05 16:02:45.960,16.87199,16.87562,0.00,0.00
2012.12.05 16:02:46.080,16.87152,16.8746,0.00,0.00
2012.12.05 16:02:46.140,16.87086,16.87387,0.00,0.00
2012.12.05 16:02:46.320,16.87152,16.87452,0.00,0.00
2012.12.05 16:02:46.380,16.87048,16.87348,0.00,0.00
2012.12.05 16:02:46.440,16.87013,16.87348,0.00,0.00
2012.12.05 16:02:46.521,16.86927,16.87227,0.00,0.00
2012.12.05 16:02:46.870,16.86957,16.87257,0.00,0.00
2012.12.05 16:02:47.028,16.86993,16.87356,0.00,0.00
2012.12.05 16:02:47.181,16.87013,16.87376,0.00,0.00
2012.12.05 16:02:47.410,16.86987,16.87287,0.00,0.00
2012.12.05 16:02:47.640,16.87002,16.87365,0.00,0.00
2012.12.05 16:02:47.760,16.86907,16.87207,0.00,0.00
2012.12.05 16:02:48.072,16.87017,16.87317,0.00,0.00
2012.12.05 16:02:48.286,16.87036,16.87337,0.00,0.00
2012.12.05 16:02:48.410,16.87056,16.87357,0.00,0.00
2012.12.05 16:02:48.470,16.87072,16.87435,0.00,0.00
2012.12.05 16:02:48.710,16.8713,16.87454,0.00,0.00
2012.12.05 16:02:48.951,16.87117,16.87417,0.00,0.00
2012.12.05 16:02:49.010,16.87152,16.87472,0.00,0.00
2012.12.05 16:02:49.280,16.87152,16.87492,0.00,0.00
2012.12.05 16:02:49.567,16.87152,16.87472,0.00,0.00
2012.12.05 16:02:50.190,16.87152,16.87452,0.00,0.00
2012.12.05 16:02:50.694,16.87152,16.87495,0.00,0.00
2012.12.05 16:02:51.040,16.87066,16.87367,0.00,0.00
2012.12.05 16:02:51.101,16.87152,16.87471,0.00,0.00
2012.12.05 16:02:51.417,16.87152,16.87452,0.00,0.00
2012.12.05 16:02:51.801,16.87047,16.87347,0.00,0.00
2012.12.05 16:02:52.300,16.87024,16.87325,0.00,0.00
2012.12.05 16:02:52.360,16.86977,16.87277,0.00,0.00
2012.12.05 16:02:52.420,16.87052,16.87352,0.00,0.00
2012.12.05 16:02:52.572,16.87056,16.87419,0.00,0.00
2012.12.05 16:02:52.991,16.87052,16.87391,0.00,0.00
2012.12.05 16:02:53.377,16.87052,16.87411,0.00,0.00
2012.12.05 16:02:53.761,16.87052,16.87391,0.00,0.00
2012.12.05 16:02:54.041,16.87066,16.87429,0.00,0.00
2012.12.05 16:02:54.148,16.87052,16.87352,0.00,0.00
2012.12.05 16:02:54.210,16.86907,16.87207,0.00,0.00
2012.12.05 16:02:54.270,16.86952,16.87252,0.00,0.00
2012.12.05 16:02:54.330,16.86867,16.87167,0.00,0.00
2012.12.05 16:02:54.390,16.86952,16.87297,0.00,0.00
2012.12.05 16:02:54.451,16.86937,16.87237,0.00,0.00
2012.12.05 16:02:54.570,16.86966,16.87267,0.00,0.00
2012.12.05 16:02:54.930,16.87028,16.87391,0.00,0.00
2012.12.05 16:02:55.110,16.86997,16.87297,0.00,0.00
2012.12.05 16:02:55.230,16.87052,16.87411,0.00,0.00
2012.12.05 16:02:55.720,16.87052,16.87391,0.00,0.00
2012.12.05 16:02:55.900,16.87052,16.8741,0.00,0.00
2012.12.05 16:02:55.970,16.87027,16.87327,0.00,0.00
2012.12.05 16:02:56.029,16.87052,16.87391,0.00,0.00
2012.12.05 16:02:56.186,16.86977,16.87277,0.00,0.00
2012.12.05 16:02:56.251,16.87043,16.87344,0.00,0.00
2012.12.05 16:02:56.440,16.87007,16.87307,0.00,0.00
2012.12.05 16:02:56.500,16.87052,16.87401,0.00,0.00
2012.12.05 16:02:56.680,16.87052,16.87401,0.00,0.00
2012.12.05 16:02:56.800,16.87152,16.87452,0.00,0.00
2012.12.05 16:02:57.160,16.87226,16.87527,0.00,0.00
2012.12.05 16:02:57.450,16.87246,16.87547,0.00,0.00
2012.12.05 16:02:57.690,16.87159,16.87522,0.00,0.00
2012.12.05 16:02:57.809,16.87252,16.87552,0.00,0.00
2012.12.05 16:02:58.351,16.87252,16.87552,0.00,0.00
2012.12.05 16:02:58.410,16.87252,16.87569,0.00,0.00
2012.12.05 16:02:58.530,16.87282,16.87645,0.00,0.00
2012.12.05 16:02:58.589,16.87282,16.87617,0.00,0.00
2012.12.05 16:02:58.882,16.87301,16.87664,0.00,0.00
2012.12.05 16:02:59.008,16.873,16.87637,0.00,0.00
2012.12.05 16:02:59.071,16.8732,16.87683,0.00,0.00
2012.12.05 16:02:59.130,16.8732,16.87657,0.00,0.00
2012.12.05 16:02:59.290,16.873,16.87663,0.00,0.00
2012.12.05 16:02:59.350,16.8732,16.87683,0.00,0.00
2012.12.05 16:02:59.410,16.873,16.87663,0.00,0.00
2012.12.05 16:02:59.671,16.8732,16.87683,0.00,0.00
2012.12.05 16:03:00.030,16.8732,16.87648,0.00,0.00
2012.12.05 16:03:00.270,16.87152,16.87507,0.00,0.00
2012.12.05 16:03:00.760,16.87152,16.87497,0.00,0.00
2012.12.05 16:03:00.851,16.87152,16.87477,0.00,0.00
2012.12.05 16:03:01.364,16.87152,16.87504,0.00,0.00
2012.12.05 16:03:01.640,16.87152,16.87487,0.00,0.00
2012.12.05 16:03:02.000,16.87152,16.87502,0.00,0.00
2012.12.05 16:03:02.820,16.87152,16.87473,0.00,0.00
2012.12.05 16:03:02.883,16.87146,16.87447,0.00,0.00
2012.12.05 16:03:03.120,16.87352,16.87677,0.00,0.00
2012.12.05 16:03:03.330,16.87352,16.877,0.00,0.00
2012.12.05 16:03:03.453,16.87352,16.87697,0.00,0.00
2012.12.05 16:03:03.620,16.87353,16.87707,0.00,0.00
2012.12.05 16:03:03.890,16.87382,16.87745,0.00,0.00
2012.12.05 16:03:03.951,16.87382,16.87727,0.00,0.00
2012.12.05 16:03:04.162,16.87353,16.87727,0.00,0.00
2012.12.05 16:03:04.221,16.8743,16.87737,0.00,0.00
2012.12.05 16:03:04.282,16.8743,16.87748,0.00,0.00
2012.12.05 16:03:04.430,16.87465,16.87828,0.00,0.00
2012.12.05 16:03:04.490,16.87465,16.87828,0.00,0.00
2012.12.05 16:03:04.670,16.87459,16.8776,0.00,0.00
2012.12.05 16:03:04.730,16.87452,16.87757,0.00,0.00
2012.12.05 16:03:04.790,16.8741,16.8771,0.00,0.00
2012.12.05 16:03:05.092,16.87406,16.87707,0.00,0.00
2012.12.05 16:03:05.332,16.87352,16.87707,0.00,0.00
2012.12.05 16:03:05.481,16.87352,16.87687,0.00,0.00
2012.12.05 16:03:06.036,16.87383,16.8771,0.00,0.00
2012.12.05 16:03:06.741,16.8731,16.8761,0.00,0.00
2012.12.05 16:03:07.231,16.87313,16.87621,0.00,0.00
2012.12.05 16:03:07.290,16.8726,16.8756,0.00,0.00
2012.12.05 16:03:07.410,16.87259,16.8756,0.00,0.00
2012.12.05 16:03:07.530,16.87263,16.8761,0.00,0.00
2012.12.05 16:03:07.590,16.87263,16.8761,0.00,0.00
2012.12.05 16:03:07.922,16.87252,16.8756,0.00,0.00
2012.12.05 16:03:08.139,16.87252,16.8756,0.00,0.00
2012.12.05 16:03:08.400,16.87252,16.87593,0.00,0.00
2012.12.05 16:03:08.530,16.87252,16.8756,0.00,0.00
2012.12.05 16:03:08.651,16.87252,16.87565,0.00,0.00
2012.12.05 16:03:08.862,16.87252,16.8756,0.00,0.00
2012.12.05 16:03:09.550,16.87252,16.87565,0.00,0.00
2012.12.05 16:03:09.930,16.87252,16.87607,0.00,0.00
2012.12.05 16:03:09.991,16.87293,16.8761,0.00,0.00
2012.12.05 16:03:10.241,16.87293,16.87621,0.00,0.00
2012.12.05 16:03:10.300,16.87293,16.87648,0.00,0.00
2012.12.05 16:03:10.360,16.87343,16.8771,0.00,0.00
2012.12.05 16:03:10.420,16.87343,16.8771,0.00,0.00
2012.12.05 16:03:10.610,16.8731,16.8761,0.00,0.00
2012.12.05 16:03:10.670,16.87303,16.8761,0.00,0.00
2012.12.05 16:03:10.942,16.87252,16.8761,0.00,0.00
2012.12.05 16:03:11.040,16.87303,16.8761,0.00,0.00
2012.12.05 16:03:11.231,16.87303,16.8761,0.00,0.00
2012.12.05 16:03:11.770,16.87273,16.8761,0.00,0.00
2012.12.05 16:03:12.040,16.87273,16.8761,0.00,0.00
2012.12.05 16:03:12.101,16.87273,16.8761,0.00,0.00
2012.12.05 16:03:12.322,16.87273,16.8761,0.00,0.00
2012.12.05 16:03:12.906,16.8726,16.8756,0.00,0.00
2012.12.05 16:03:12.959,16.87268,16.8757,0.00,0.00
2012.12.05 16:03:13.733,16.87252,16.8756,0.00,0.00
2012.12.05 16:03:15.050,16.87253,16.8757,0.00,0.00
2012.12.05 16:03:15.170,16.87303,16.8761,0.00,0.00
2012.12.05 16:03:15.980,16.87283,16.8761,0.00,0.00
2012.12.05 16:03:16.040,16.87283,16.8761,0.00,0.00
2012.12.05 16:03:16.141,16.87283,16.8761,0.00,0.00
2012.12.05 16:03:16.411,16.87283,16.8761,0.00,0.00
2012.12.05 16:03:16.911,16.87283,16.8761,0.00,0.00
2012.12.05 16:03:17.030,16.87273,16.8761,0.00,0.00
2012.12.05 16:03:17.520,16.87253,16.8756,0.00,0.00
2012.12.05 16:03:17.730,16.87253,16.8756,0.00,0.00
2012.12.05 16:03:18.380,16.87252,16.8756,0.00,0.00
2012.12.05 16:03:18.846,16.8721,16.8751,0.00,0.00
2012.12.05 16:03:19.050,16.87152,16.87487,0.00,0.00
2012.12.05 16:03:19.111,16.87152,16.8746,0.00,0.00
2012.12.05 16:03:19.420,16.87152,16.87487,0.00,0.00
2012.12.05 16:03:19.480,16.87152,16.87499,0.00,0.00
2012.12.05 16:03:19.850,16.87152,16.87507,0.00,0.00
2012.12.05 16:03:20.120,16.87152,16.8746,0.00,0.00
2012.12.05 16:03:20.350,16.87152,16.8747,0.00,0.00
2012.12.05 16:03:21.214,16.87152,16.8746,0.00,0.00
2012.12.05 16:03:21.390,16.87152,16.8746,0.00,0.00
2012.12.05 16:03:21.980,16.87048,16.87348,0.00,0.00
2012.12.05 16:03:22.040,16.8698,16.87348,0.00,0.00
2012.12.05 16:03:22.101,16.87032,16.87395,0.00,0.00
2012.12.05 16:03:22.160,16.87032,16.87357,0.00,0.00
2012.12.05 16:03:22.221,16.87032,16.87377,0.00,0.00
2012.12.05 16:03:22.340,16.87051,16.87397,0.00,0.00
2012.12.05 16:03:22.471,16.87079,16.87442,0.00,0.00
2012.12.05 16:03:22.711,16.87136,16.8746,0.00,0.00
2012.12.05 16:03:23.080,16.87116,16.87479,0.00,0.00
2012.12.05 16:03:23.140,16.8713,16.87487,0.00,0.00
2012.12.05 16:03:23.200,16.87135,16.87498,0.00,0.00
2012.12.05 16:03:23.260,16.87135,16.87507,0.00,0.00
2012.12.05 16:03:23.320,16.87154,16.87517,0.00,0.00
2012.12.05 16:03:23.440,16.87125,16.87507,0.00,0.00
2012.12.05 16:03:23.660,16.87145,16.8751,0.00,0.00
2012.12.05 16:03:24.170,16.87125,16.87507,0.00,0.00
2012.12.05 16:03:25.772,16.87123,16.87507,0.00,0.00
2012.12.05 16:03:25.830,16.87123,16.8746,0.00,0.00
2012.12.05 16:03:25.890,16.87123,16.8746,0.00,0.00
2012.12.05 16:03:26.801,16.87103,16.8741,0.00,0.00
2012.12.05 16:03:26.946,16.87052,16.87397,0.00,0.00
2012.12.05 16:03:27.213,16.87052,16.8736,0.00,0.00
2012.12.05 16:03:27.270,16.87052,16.87378,0.00,0.00
2012.12.05 16:03:27.390,16.87052,16.87396,0.00,0.00
2012.12.05 16:03:27.450,16.87052,16.87397,0.00,0.00
2012.12.05 16:03:27.698,16.87053,16.87416,0.00,0.00
2012.12.05 16:03:27.808,16.87052,16.87397,0.00,0.00
2012.12.05 16:03:27.874,16.87052,16.8736,0.00,0.00
2012.12.05 16:03:28.369,16.87052,16.87378,0.00,0.00
2012.12.05 16:03:28.971,16.87052,16.87397,0.00,0.00
2012.12.05 16:03:29.210,16.86953,16.8731,0.00,0.00
2012.12.05 16:03:29.270,16.86952,16.87297,0.00,0.00
2012.12.05 16:03:30.227,16.86959,16.87322,0.00,0.00
2012.12.05 16:03:30.410,16.86978,16.87327,0.00,0.00
2012.12.05 16:03:31.270,16.86958,16.87327,0.00,0.00
2012.12.05 16:03:32.080,16.86952,16.8731,0.00,0.00
2012.12.05 16:03:32.140,16.86952,16.87297,0.00,0.00
2012.12.05 16:03:32.459,16.86952,16.8726,0.00,0.00
2012.12.05 16:03:32.537,16.86952,16.87265,0.00,0.00
2012.12.05 16:03:33.250,16.86952,16.87285,0.00,0.00
2012.12.05 16:03:33.669,16.86952,16.87265,0.00,0.00
2012.12.05 16:03:34.417,16.86852,16.87248,0.00,0.00
2012.12.05 16:03:34.600,16.86773,16.87136,0.00,0.00
2012.12.05 16:03:34.660,16.86773,16.87107,0.00,0.00
2012.12.05 16:03:35.750,16.86754,16.87117,0.00,0.00
2012.12.05 16:03:35.921,16.86773,16.87136,0.00,0.00
2012.12.05 16:03:36.390,16.86754,16.87117,0.00,0.00
2012.12.05 16:03:36.491,16.86783,16.87146,0.00,0.00
2012.12.05 16:03:36.661,16.86763,16.87126,0.00,0.00
2012.12.05 16:03:37.191,16.86763,16.87087,0.00,0.00
2012.12.05 16:03:37.370,16.86754,16.8711,0.00,0.00
2012.12.05 16:03:37.455,16.86754,16.87107,0.00,0.00
2012.12.05 16:03:37.755,16.86773,16.87136,0.00,0.00
2012.12.05 16:03:38.111,16.86933,16.87257,0.00,0.00
2012.12.05 16:03:39.225,16.86933,16.8726,0.00,0.00
2012.12.05 16:03:39.280,16.86975,16.87338,0.00,0.00
2012.12.05 16:03:39.683,16.86956,16.87319,0.00,0.00
2012.12.05 16:03:40.106,16.86956,16.87267,0.00,0.00
2012.12.05 16:03:40.160,16.86937,16.873,0.00,0.00
2012.12.05 16:03:40.220,16.86952,16.8726,0.00,0.00
2012.12.05 16:03:42.101,16.86952,16.87281,0.00,0.00
2012.12.05 16:03:42.171,16.86936,16.87237,0.00,0.00
2012.12.05 16:03:42.670,16.86822,16.8716,0.00,0.00
2012.12.05 16:03:43.010,16.86842,16.87205,0.00,0.00
2012.12.05 16:03:43.160,16.86823,16.87186,0.00,0.00
2012.12.05 16:03:43.501,16.86927,16.8729,0.00,0.00
2012.12.05 16:03:43.620,16.86917,16.87217,0.00,0.00
2012.12.05 16:03:43.680,16.86917,16.87217,0.00,0.00
2012.12.05 16:03:43.965,16.86927,16.87247,0.00,0.00
2012.12.05 16:03:44.091,16.86964,16.87327,0.00,0.00
2012.12.05 16:03:44.150,16.86945,16.87308,0.00,0.00
2012.12.05 16:03:44.211,16.86965,16.87328,0.00,0.00
2012.12.05 16:03:44.634,16.86945,16.87308,0.00,0.00
2012.12.05 16:03:44.861,16.86965,16.87328,0.00,0.00
2012.12.05 16:03:45.130,16.86952,16.87305,0.00,0.00
2012.12.05 16:03:45.660,16.86961,16.87277,0.00,0.00
2012.12.05 16:03:45.910,16.86981,16.87344,0.00,0.00
2012.12.05 16:03:46.110,16.86988,16.87351,0.00,0.00
2012.12.05 16:03:46.195,16.86988,16.87357,0.00,0.00
2012.12.05 16:03:46.372,16.87037,16.874,0.00,0.00
2012.12.05 16:03:46.440,16.87017,16.87348,0.00,0.00
2012.12.05 16:03:46.780,16.86998,16.87327,0.00,0.00
2012.12.05 16:03:46.980,16.8698,16.87343,0.00,0.00
2012.12.05 16:03:47.625,16.86847,16.87147,0.00,0.00
2012.12.05 16:03:47.820,16.8683,16.87189,0.00,0.00
2012.12.05 16:03:47.880,16.86854,16.87217,0.00,0.00
2012.12.05 16:03:48.000,16.86874,16.87237,0.00,0.00
2012.12.05 16:03:48.430,16.86854,16.87187,0.00,0.00
2012.12.05 16:03:48.803,16.86874,16.87237,0.00,0.00
2012.12.05 16:03:49.453,16.86892,16.87255,0.00,0.00
2012.12.05 16:03:49.982,16.86873,16.87236,0.00,0.00
2012.12.05 16:03:50.450,16.86892,16.87255,0.00,0.00
2012.12.05 16:03:50.950,16.86854,16.87217,0.00,0.00
2012.12.05 16:03:51.070,16.86854,16.87157,0.00,0.00
2012.12.05 16:03:53.890,16.86852,16.87181,0.00,0.00
2012.12.05 16:03:54.392,16.86884,16.87247,0.00,0.00
2012.12.05 16:03:54.510,16.86884,16.87187,0.00,0.00
2012.12.05 16:03:55.081,16.86853,16.87216,0.00,0.00
2012.12.05 16:03:55.640,16.86875,16.87238,0.00,0.00
2012.12.05 16:03:56.010,16.86856,16.87219,0.00,0.00
2012.12.05 16:03:56.190,16.86852,16.872,0.00,0.00
2012.12.05 16:03:56.615,16.86852,16.8716,0.00,0.00
2012.12.05 16:03:56.790,16.86852,16.87157,0.00,0.00
2012.12.05 16:03:57.030,16.86789,16.87147,0.00,0.00
2012.12.05 16:03:57.206,16.86789,16.87117,0.00,0.00
2012.12.05 16:03:57.550,16.8681,16.8711,0.00,0.00
2012.12.05 16:03:57.860,16.86852,16.87152,0.00,0.00
2012.12.05 16:03:57.921,16.86752,16.87087,0.00,0.00
2012.12.05 16:03:57.980,16.86753,16.87107,0.00,0.00
2012.12.05 16:03:58.101,16.86762,16.87125,0.00,0.00
2012.12.05 16:03:58.220,16.86753,16.87107,0.00,0.00
2012.12.05 16:03:58.440,16.86763,16.87126,0.00,0.00
2012.12.05 16:03:58.661,16.86753,16.87107,0.00,0.00
2012.12.05 16:03:59.080,16.86763,16.87126,0.00,0.00
2012.12.05 16:03:59.510,16.86753,16.87107,0.00,0.00
2012.12.05 16:03:59.570,16.86752,16.87077,0.00,0.00
2012.12.05 16:04:00.550,16.86794,16.87127,0.00,0.00
2012.12.05 16:04:00.841,16.86852,16.87152,0.00,0.00
2012.12.05 16:04:01.164,16.86852,16.87166,0.00,0.00
2012.12.05 16:04:02.270,16.86852,16.87157,0.00,0.00
2012.12.05 16:04:03.092,16.86852,16.87157,0.00,0.00
2012.12.05 16:04:03.151,16.86852,16.87166,0.00,0.00
2012.12.05 16:04:03.291,16.86852,16.87157,0.00,0.00
2012.12.05 16:04:03.720,16.86852,16.87152,0.00,0.00
2012.12.05 16:04:04.292,16.86852,16.87166,0.00,0.00
2012.12.05 16:04:05.500,16.86852,16.87152,0.00,0.00
2012.12.05 16:04:06.151,16.86852,16.87163,0.00,0.00
2012.12.05 16:04:06.868,16.86852,16.87152,0.00,0.00
2012.12.05 16:04:07.252,16.86852,16.87163,0.00,0.00
2012.12.05 16:04:07.345,16.86863,16.87163,0.00,0.00
2012.12.05 16:04:07.870,16.86893,16.87256,0.00,0.00
2012.12.05 16:04:08.192,16.8695,16.87307,0.00,0.00
2012.12.05 16:04:08.291,16.86952,16.87307,0.00,0.00
2012.12.05 16:04:08.350,16.86952,16.87307,0.00,0.00
2012.12.05 16:04:08.675,16.86952,16.87307,0.00,0.00
2012.12.05 16:04:09.560,16.86992,16.87337,0.00,0.00
2012.12.05 16:04:09.921,16.87175,16.87538,0.00,0.00
2012.12.05 16:04:09.990,16.87175,16.87538,0.00,0.00
2012.12.05 16:04:10.315,16.87175,16.87487,0.00,0.00
2012.12.05 16:04:10.460,16.87152,16.87487,0.00,0.00
2012.12.05 16:04:10.744,16.87152,16.8746,0.00,0.00
2012.12.05 16:04:10.861,16.87152,16.87469,0.00,0.00
2012.12.05 16:04:10.980,16.87152,16.87457,0.00,0.00
2012.12.05 16:04:11.491,16.8712,16.87427,0.00,0.00
2012.12.05 16:04:11.855,16.87146,16.87447,0.00,0.00
2012.12.05 16:04:11.910,16.87152,16.87479,0.00,0.00
2012.12.05 16:04:12.062,16.8712,16.87447,0.00,0.00
2012.12.05 16:04:12.180,16.87102,16.87407,0.00,0.00
2012.12.05 16:04:12.300,16.87152,16.87452,0.00,0.00
2012.12.05 16:04:12.360,16.87152,16.87469,0.00,0.00
2012.12.05 16:04:12.501,16.87152,16.87452,0.00,0.00
2012.12.05 16:04:12.785,16.87152,16.8746,0.00,0.00
2012.12.05 16:04:13.327,16.87152,16.87468,0.00,0.00
2012.12.05 16:04:13.692,16.87152,16.87452,0.00,0.00
2012.12.05 16:04:14.095,16.87383,16.87688,0.00,0.00
2012.12.05 16:04:14.155,16.87383,16.87737,0.00,0.00
2012.12.05 16:04:14.360,16.87383,16.87737,0.00,0.00
2012.12.05 16:04:14.503,16.87383,16.87737,0.00,0.00
2012.12.05 16:04:15.242,16.87383,16.87737,0.00,0.00
2012.12.05 16:04:15.681,16.87383,16.87737,0.00,0.00
2012.12.05 16:04:16.270,16.87363,16.87737,0.00,0.00
2012.12.05 16:04:16.565,16.87363,16.87717,0.00,0.00
2012.12.05 16:04:17.056,16.87363,16.87717,0.00,0.00
2012.12.05 16:04:17.252,16.8733,16.87637,0.00,0.00
2012.12.05 16:04:17.370,16.87255,16.87637,0.00,0.00
2012.12.05 16:04:17.430,16.87352,16.87652,0.00,0.00
2012.12.05 16:04:18.165,16.87352,16.87684,0.00,0.00
2012.12.05 16:04:18.240,16.87352,16.87687,0.00,0.00
2012.12.05 16:04:18.810,16.87352,16.87657,0.00,0.00
2012.12.05 16:04:18.930,16.87352,16.87657,0.00,0.00
2012.12.05 16:04:19.470,16.87387,16.8775,0.00,0.00
2012.12.05 16:04:19.590,16.87452,16.8776,0.00,0.00
2012.12.05 16:04:19.650,16.87452,16.87767,0.00,0.00
2012.12.05 16:04:20.120,16.87452,16.8776,0.00,0.00
2012.12.05 16:04:21.171,16.87452,16.87767,0.00,0.00
2012.12.05 16:04:21.230,16.87452,16.87787,0.00,0.00
2012.12.05 16:04:22.082,16.87452,16.87787,0.00,0.00
2012.12.05 16:04:26.436,16.87452,16.87797,0.00,0.00
2012.12.05 16:04:26.630,16.87452,16.87787,0.00,0.00
2012.12.05 16:04:26.750,16.87452,16.87798,0.00,0.00
2012.12.05 16:04:26.810,16.87452,16.87787,0.00,0.00
2012.12.05 16:04:27.251,16.87452,16.87797,0.00,0.00
2012.12.05 16:04:27.587,16.87552,16.87852,0.00,0.00
2012.12.05 16:04:27.650,16.87507,16.87807,0.00,0.00
2012.12.05 16:04:29.550,16.87552,16.87896,0.00,0.00
2012.12.05 16:04:29.610,16.87563,16.87917,0.00,0.00
2012.12.05 16:04:29.790,16.87552,16.87917,0.00,0.00
2012.12.05 16:04:30.001,16.87552,16.87917,0.00,0.00
2012.12.05 16:04:30.221,16.87552,16.87917,0.00,0.00
2012.12.05 16:04:30.380,16.87552,16.87887,0.00,0.00
2012.12.05 16:04:30.820,16.87652,16.87957,0.00,0.00
2012.12.05 16:04:31.572,16.87652,16.87957,0.00,0.00
2012.12.05 16:04:31.690,16.87652,16.87957,0.00,0.00
2012.12.05 16:04:31.816,16.87574,16.87947,0.00,0.00
2012.12.05 16:04:31.870,16.87563,16.87947,0.00,0.00
2012.12.05 16:04:31.930,16.87552,16.87917,0.00,0.00
2012.12.05 16:04:31.990,16.87552,16.8791,0.00,0.00
2012.12.05 16:04:32.340,16.87552,16.87877,0.00,0.00
2012.12.05 16:04:32.840,16.87652,16.87952,0.00,0.00
2012.12.05 16:04:32.901,16.87599,16.87937,0.00,0.00
2012.12.05 16:04:34.938,16.87609,16.8791,0.00,0.00
2012.12.05 16:04:35.000,16.87587,16.8791,0.00,0.00
2012.12.05 16:04:35.306,16.87552,16.8791,0.00,0.00
2012.12.05 16:04:35.515,16.87552,16.87887,0.00,0.00
2012.12.05 16:04:35.638,16.87552,16.87887,0.00,0.00
2012.12.05 16:04:35.734,16.87546,16.87847,0.00,0.00
2012.12.05 16:04:36.561,16.87552,16.87875,0.00,0.00
2012.12.05 16:04:36.950,16.87552,16.87857,0.00,0.00
2012.12.05 16:04:38.652,16.87552,16.87875,0.00,0.00
2012.12.05 16:04:41.016,16.87476,16.87777,0.00,0.00
2012.12.05 16:04:41.361,16.87452,16.8776,0.00,0.00
2012.12.05 16:04:41.791,16.87452,16.87775,0.00,0.00
2012.12.05 16:04:42.061,16.87452,16.87775,0.00,0.00
2012.12.05 16:04:42.180,16.87463,16.878,0.00,0.00
2012.12.05 16:04:42.240,16.8747,16.87837,0.00,0.00
2012.12.05 16:04:42.300,16.87552,16.87852,0.00,0.00
2012.12.05 16:04:42.360,16.87552,16.879,0.00,0.00
2012.12.05 16:04:42.420,16.87552,16.879,0.00,0.00
2012.12.05 16:04:42.939,16.87552,16.879,0.00,0.00
2012.12.05 16:04:43.191,16.87563,16.879,0.00,0.00
2012.12.05 16:04:43.250,16.87583,16.87948,0.00,0.00
2012.12.05 16:04:43.310,16.87583,16.87948,0.00,0.00
2012.12.05 16:04:43.631,16.87583,16.87948,0.00,0.00
2012.12.05 16:04:43.690,16.87583,16.87948,0.00,0.00
2012.12.05 16:04:44.920,16.87603,16.87948,0.00,0.00
2012.12.05 16:04:45.401,16.87552,16.879,0.00,0.00
2012.12.05 16:04:45.980,16.87573,16.879,0.00,0.00
2012.12.05 16:04:46.170,16.87564,16.879,0.00,0.00
2012.12.05 16:04:46.231,16.87573,16.879,0.00,0.00
2012.12.05 16:04:46.519,16.87573,16.8791,0.00,0.00
2012.12.05 16:04:46.720,16.87573,16.87947,0.00,0.00
2012.12.05 16:04:46.781,16.87573,16.87947,0.00,0.00
2012.12.05 16:04:46.960,16.87603,16.87948,0.00,0.00
2012.12.05 16:04:47.020,16.87603,16.87948,0.00,0.00
2012.12.05 16:04:47.538,16.87603,16.87948,0.00,0.00
2012.12.05 16:04:47.909,16.87652,16.88,0.00,0.00
2012.12.05 16:04:47.970,16.87652,16.88,0.00,0.00
2012.12.05 16:04:48.251,16.87653,16.88,0.00,0.00
2012.12.05 16:04:48.691,16.87652,16.88,0.00,0.00
2012.12.05 16:04:48.810,16.87653,16.88,0.00,0.00
2012.12.05 16:04:48.870,16.87673,16.88,0.00,0.00
2012.12.05 16:04:49.021,16.87673,16.88,0.00,0.00
2012.12.05 16:04:49.080,16.87652,16.88,0.00,0.00
2012.12.05 16:04:50.230,16.87653,16.88,0.00,0.00
2012.12.05 16:04:50.780,16.87652,16.88,0.00,0.00
2012.12.05 16:04:51.800,16.87552,16.87948,0.00,0.00
2012.12.05 16:04:51.860,16.87552,16.879,0.00,0.00
2012.12.05 16:04:51.931,16.87573,16.879,0.00,0.00
2012.12.05 16:04:52.310,16.87553,16.879,0.00,0.00
2012.12.05 16:04:52.676,16.87552,16.879,0.00,0.00
2012.12.05 16:04:52.904,16.87652,16.87952,0.00,0.00
2012.12.05 16:04:53.140,16.87763,16.88148,0.00,0.00
2012.12.05 16:04:53.200,16.87848,16.88148,0.00,0.00
2012.12.05 16:04:53.260,16.87943,16.88243,0.00,0.00
2012.12.05 16:04:53.500,16.87933,16.88233,0.00,0.00
2012.12.05 16:04:53.840,16.87873,16.88173,0.00,0.00
2012.12.05 16:04:53.900,16.87799,16.881,0.00,0.00
2012.12.05 16:04:54.020,16.87848,16.88148,0.00,0.00
2012.12.05 16:04:54.140,16.87943,16.88243,0.00,0.00
2012.12.05 16:04:54.950,16.87873,16.88173,0.00,0.00
2012.12.05 16:04:55.070,16.87848,16.88148,0.00,0.00
2012.12.05 16:04:55.190,16.87948,16.88248,0.00,0.00
2012.12.05 16:04:55.250,16.88033,16.88333,0.00,0.00
2012.12.05 16:04:55.820,16.879,16.882,0.00,0.00
2012.12.05 16:04:55.941,16.88103,16.88403,0.00,0.00
2012.12.05 16:04:56.000,16.88048,16.88348,0.00,0.00
2012.12.05 16:04:56.120,16.88048,16.88348,0.00,0.00
2012.12.05 16:04:56.300,16.87952,16.88348,0.00,0.00
2012.12.05 16:04:56.491,16.88073,16.88373,0.00,0.00
2012.12.05 16:04:56.880,16.88048,16.88348,0.00,0.00
2012.12.05 16:04:56.940,16.88123,16.88423,0.00,0.00
2012.12.05 16:04:59.702,16.88153,16.88453,0.00,0.00
2012.12.05 16:04:59.880,16.88148,16.88448,0.00,0.00
2012.12.05 16:04:59.940,16.88048,16.88348,0.00,0.00
2012.12.05 16:05:00.060,16.88073,16.88374,0.00,0.00
2012.12.05 16:05:00.120,16.88,16.883,0.00,0.00
2012.12.05 16:05:00.444,16.88073,16.88374,0.00,0.00
2012.12.05 16:05:00.800,16.87974,16.883,0.00,0.00
2012.12.05 16:05:01.130,16.87952,16.88275,0.00,0.00
2012.12.05 16:05:01.310,16.87994,16.883,0.00,0.00
2012.12.05 16:05:01.490,16.88032,16.88333,0.00,0.00
2012.12.05 16:05:01.602,16.88032,16.88348,0.00,0.00
2012.12.05 16:05:01.660,16.88033,16.88334,0.00,0.00
2012.12.05 16:05:02.080,16.87852,16.882,0.00,0.00
2012.12.05 16:05:02.150,16.879,16.882,0.00,0.00
2012.12.05 16:05:02.210,16.87973,16.88273,0.00,0.00
2012.12.05 16:05:02.270,16.8795,16.8825,0.00,0.00
2012.12.05 16:05:02.336,16.88043,16.88343,0.00,0.00
2012.12.05 16:05:02.754,16.88013,16.88313,0.00,0.00
2012.12.05 16:05:03.310,16.87973,16.88273,0.00,0.00
2012.12.05 16:05:03.430,16.879,16.882,0.00,0.00
2012.12.05 16:05:03.490,16.8795,16.8825,0.00,0.00
2012.12.05 16:05:03.550,16.87948,16.88248,0.00,0.00
2012.12.05 16:05:03.861,16.88108,16.88408,0.00,0.00
2012.12.05 16:05:04.120,16.88148,16.88448,0.00,0.00
2012.12.05 16:05:04.311,16.88173,16.885,0.00,0.00
2012.12.05 16:05:04.370,16.881,16.884,0.00,0.00
2012.12.05 16:05:04.734,16.88243,16.88543,0.00,0.00
2012.12.05 16:05:05.110,16.88263,16.88563,0.00,0.00
2012.12.05 16:05:06.150,16.88066,16.884,0.00,0.00
2012.12.05 16:05:06.210,16.8805,16.8835,0.00,0.00
2012.12.05 16:05:06.330,16.881,16.884,0.00,0.00
2012.12.05 16:05:06.510,16.88273,16.88574,0.00,0.00
2012.12.05 16:05:06.570,16.882,16.885,0.00,0.00
2012.12.05 16:05:08.760,16.88213,16.88513,0.00,0.00
2012.12.05 16:05:09.071,16.881,16.884,0.00,0.00
2012.12.05 16:05:09.300,16.88173,16.88473,0.00,0.00
2012.12.05 16:05:09.422,16.88173,16.88491,0.00,0.00
2012.12.05 16:05:09.542,16.88148,16.88448,0.00,0.00
2012.12.05 16:05:09.924,16.88263,16.88563,0.00,0.00
2012.12.05 16:05:10.280,16.88253,16.88553,0.00,0.00
2012.12.05 16:05:10.730,16.88148,16.88448,0.00,0.00
2012.12.05 16:05:10.850,16.882,16.885,0.00,0.00
2012.12.05 16:05:10.910,16.88223,16.88548,0.00,0.00
2012.12.05 16:05:10.970,16.88273,16.88573,0.00,0.00
2012.12.05 16:05:11.030,16.88273,16.88573,0.00,0.00
2012.12.05 16:05:11.510,16.88303,16.88603,0.00,0.00
2012.12.05 16:05:12.270,16.88273,16.88573,0.00,0.00
2012.12.05 16:05:12.680,16.88253,16.88553,0.00,0.00
2012.12.05 16:05:12.931,16.88173,16.885,0.00,0.00
2012.12.05 16:05:13.663,16.88203,16.88503,0.00,0.00
2012.12.05 16:05:13.970,16.881,16.884,0.00,0.00
2012.12.05 16:05:14.030,16.8805,16.8835,0.00,0.00
2012.12.05 16:05:14.231,16.88048,16.88348,0.00,0.00
2012.12.05 16:05:14.650,16.8795,16.8825,0.00,0.00
2012.12.05 16:05:14.892,16.88013,16.88313,0.00,0.00
2012.12.05 16:05:16.210,16.87973,16.88273,0.00,0.00
2012.12.05 16:05:16.680,16.88003,16.88303,0.00,0.00
2012.12.05 16:05:17.440,16.88023,16.88323,0.00,0.00
2012.12.05 16:05:17.500,16.88023,16.88323,0.00,0.00
2012.12.05 16:05:17.680,16.88048,16.88348,0.00,0.00
2012.12.05 16:05:18.011,16.88048,16.88348,0.00,0.00
2012.12.05 16:05:18.320,16.88153,16.88453,0.00,0.00
2012.12.05 16:05:18.380,16.88143,16.88448,0.00,0.00
2012.12.05 16:05:18.690,16.87892,16.88279,0.00,0.00
2012.12.05 16:05:18.870,16.87943,16.88243,0.00,0.00
2012.12.05 16:05:19.910,16.87983,16.88283,0.00,0.00
2012.12.05 16:05:20.030,16.87948,16.88248,0.00,0.00
2012.12.05 16:05:20.090,16.87983,16.88304,0.00,0.00
2012.12.05 16:05:20.271,16.87974,16.883,0.00,0.00
2012.12.05 16:05:20.772,16.87983,16.883,0.00,0.00
2012.12.05 16:05:21.043,16.87965,16.883,0.00,0.00
2012.12.05 16:05:21.160,16.87913,16.883,0.00,0.00
2012.12.05 16:05:21.220,16.8785,16.8815,0.00,0.00
2012.12.05 16:05:21.538,16.87827,16.88197,0.00,0.00
2012.12.05 16:05:21.860,16.87807,16.8815,0.00,0.00
2012.12.05 16:05:21.920,16.87803,16.88151,0.00,0.00
2012.12.05 16:05:22.260,16.87808,16.88171,0.00,0.00
2012.12.05 16:05:22.690,16.87803,16.88142,0.00,0.00
2012.12.05 16:05:22.750,16.87803,16.88148,0.00,0.00
2012.12.05 16:05:22.810,16.87803,16.88161,0.00,0.00
2012.12.05 16:05:23.750,16.87752,16.881,0.00,0.00
2012.12.05 16:05:23.829,16.87785,16.881,0.00,0.00
2012.12.05 16:05:23.890,16.87752,16.88097,0.00,0.00
2012.12.05 16:05:24.149,16.87752,16.88105,0.00,0.00
2012.12.05 16:05:24.410,16.87676,16.88039,0.00,0.00
2012.12.05 16:05:24.530,16.87676,16.88,0.00,0.00
2012.12.05 16:05:24.814,16.87676,16.88027,0.00,0.00
2012.12.05 16:05:24.870,16.87695,16.88058,0.00,0.00
2012.12.05 16:05:25.249,16.87714,16.88077,0.00,0.00
2012.12.05 16:05:25.411,16.87694,16.88057,0.00,0.00
2012.12.05 16:05:25.579,16.87714,16.88077,0.00,0.00
2012.12.05 16:05:26.453,16.87713,16.88048,0.00,0.00
2012.12.05 16:05:26.731,16.87694,16.88057,0.00,0.00
2012.12.05 16:05:27.124,16.87714,16.88077,0.00,0.00
2012.12.05 16:05:28.110,16.87742,16.88105,0.00,0.00
2012.12.05 16:05:28.170,16.87742,16.88048,0.00,0.00
2012.12.05 16:05:28.360,16.87761,16.88124,0.00,0.00
2012.12.05 16:05:28.421,16.87722,16.88085,0.00,0.00
2012.12.05 16:05:28.484,16.87722,16.88085,0.00,0.00
2012.12.05 16:05:28.550,16.87703,16.88067,0.00,0.00
2012.12.05 16:05:28.610,16.87694,16.88,0.00,0.00
2012.12.05 16:05:28.740,16.87694,16.88017,0.00,0.00
2012.12.05 16:05:29.441,16.87695,16.88058,0.00,0.00
2012.12.05 16:05:29.922,16.87714,16.88077,0.00,0.00
2012.12.05 16:05:30.240,16.8778,16.88087,0.00,0.00
2012.12.05 16:05:30.830,16.8776,16.88087,0.00,0.00
2012.12.05 16:05:30.890,16.87742,16.88105,0.00,0.00
2012.12.05 16:05:32.472,16.87761,16.88124,0.00,0.00
2012.12.05 16:05:32.630,16.87713,16.88087,0.00,0.00
2012.12.05 16:05:33.000,16.87694,16.88057,0.00,0.00
2012.12.05 16:05:33.250,16.87694,16.88027,0.00,0.00
2012.12.05 16:05:33.650,16.87666,16.88029,0.00,0.00
2012.12.05 16:05:33.710,16.87663,16.88,0.00,0.00
2012.12.05 16:05:34.010,16.87652,16.87997,0.00,0.00
2012.12.05 16:05:34.280,16.87652,16.87997,0.00,0.00
2012.12.05 16:05:35.151,16.87729,16.88092,0.00,0.00
2012.12.05 16:05:35.270,16.87746,16.88047,0.00,0.00
2012.12.05 16:05:35.536,16.87719,16.88082,0.00,0.00
2012.12.05 16:05:35.802,16.87739,16.88102,0.00,0.00
2012.12.05 16:05:35.971,16.877,16.88063,0.00,0.00
2012.12.05 16:05:36.181,16.87719,16.88082,0.00,0.00
2012.12.05 16:05:36.342,16.877,16.88063,0.00,0.00
2012.12.05 16:05:37.270,16.87648,16.87948,0.00,0.00
2012.12.05 16:05:37.330,16.8763,16.8793,0.00,0.00
2012.12.05 16:05:37.451,16.87559,16.87897,0.00,0.00
2012.12.05 16:05:37.571,16.87559,16.87917,0.00,0.00
2012.12.05 16:05:37.630,16.87644,16.88007,0.00,0.00
2012.12.05 16:05:37.690,16.87644,16.87947,0.00,0.00
2012.12.05 16:05:37.750,16.87644,16.87947,0.00,0.00
2012.12.05 16:05:38.046,16.87606,16.87969,0.00,0.00
2012.12.05 16:05:38.770,16.87652,16.87988,0.00,0.00
2012.12.05 16:05:40.400,16.87652,16.88007,0.00,0.00
2012.12.05 16:05:40.530,16.87652,16.88007,0.00,0.00
2012.12.05 16:05:40.590,16.87682,16.88045,0.00,0.00
2012.12.05 16:05:40.880,16.87653,16.88017,0.00,0.00
2012.12.05 16:05:41.640,16.87723,16.8803,0.00,0.00
2012.12.05 16:05:41.712,16.8775,16.88107,0.00,0.00
2012.12.05 16:05:41.771,16.87763,16.88137,0.00,0.00
2012.12.05 16:05:42.424,16.87763,16.88137,0.00,0.00
2012.12.05 16:05:42.541,16.87755,16.88118,0.00,0.00
2012.12.05 16:05:42.881,16.87896,16.88259,0.00,0.00
2012.12.05 16:05:42.955,16.87896,16.88247,0.00,0.00
2012.12.05 16:05:43.032,16.8803,16.8833,0.00,0.00
2012.12.05 16:05:43.310,16.87948,16.88248,0.00,0.00
2012.12.05 16:05:43.370,16.88047,16.88347,0.00,0.00
2012.12.05 16:05:43.431,16.88047,16.88347,0.00,0.00
2012.12.05 16:05:43.610,16.88067,16.88367,0.00,0.00
2012.12.05 16:05:43.691,16.88048,16.88348,0.00,0.00
2012.12.05 16:05:44.980,16.88067,16.88367,0.00,0.00
2012.12.05 16:05:45.040,16.8818,16.8848,0.00,0.00
2012.12.05 16:05:45.350,16.88148,16.88448,0.00,0.00
2012.12.05 16:05:46.029,16.8823,16.88557,0.00,0.00
2012.12.05 16:05:46.230,16.8823,16.88557,0.00,0.00
2012.12.05 16:05:46.290,16.8833,16.8863,0.00,0.00
2012.12.05 16:05:46.350,16.88252,16.88557,0.00,0.00
2012.12.05 16:05:46.662,16.8843,16.8873,0.00,0.00
2012.12.05 16:05:46.970,16.88337,16.88637,0.00,0.00
2012.12.05 16:05:47.113,16.8838,16.8868,0.00,0.00
2012.12.05 16:05:47.320,16.88317,16.88617,0.00,0.00
2012.12.05 16:05:47.732,16.88317,16.88617,0.00,0.00
2012.12.05 16:05:49.100,16.8838,16.8868,0.00,0.00
2012.12.05 16:05:49.430,16.8833,16.8863,0.00,0.00
2012.12.05 16:05:49.490,16.88287,16.88587,0.00,0.00
2012.12.05 16:05:49.887,16.88248,16.88548,0.00,0.00
2012.12.05 16:05:50.011,16.8823,16.88537,0.00,0.00
2012.12.05 16:05:50.190,16.8823,16.8853,0.00,0.00
2012.12.05 16:05:50.573,16.88148,16.88448,0.00,0.00
2012.12.05 16:05:50.914,16.88127,16.88427,0.00,0.00
2012.12.05 16:05:51.737,16.8818,16.8848,0.00,0.00
2012.12.05 16:05:51.837,16.88097,16.88397,0.00,0.00
2012.12.05 16:05:52.162,16.8813,16.8843,0.00,0.00
2012.12.05 16:05:52.402,16.8818,16.8848,0.00,0.00
2012.12.05 16:05:52.841,16.8813,16.8843,0.00,0.00
2012.12.05 16:05:53.020,16.88052,16.88367,0.00,0.00
2012.12.05 16:05:54.263,16.8818,16.8848,0.00,0.00
2012.12.05 16:05:54.330,16.88148,16.88448,0.00,0.00
2012.12.05 16:05:54.391,16.88137,16.88437,0.00,0.00
2012.12.05 16:05:54.726,16.8828,16.8858,0.00,0.00
2012.12.05 16:05:54.801,16.88187,16.88487,0.00,0.00
2012.12.05 16:05:54.860,16.88187,16.88487,0.00,0.00
2012.12.05 16:05:56.071,16.88252,16.88552,0.00,0.00
2012.12.05 16:05:56.280,16.88247,16.88547,0.00,0.00
2012.12.05 16:05:56.960,16.88217,16.88517,0.00,0.00
2012.12.05 16:05:57.483,16.88237,16.88537,0.00,0.00
2012.12.05 16:05:57.702,16.88252,16.88567,0.00,0.00
2012.12.05 16:05:58.620,16.88237,16.88537,0.00,0.00
2012.12.05 16:05:59.130,16.8828,16.8858,0.00,0.00
2012.12.05 16:05:59.250,16.88197,16.88497,0.00,0.00
2012.12.05 16:05:59.443,16.8823,16.8853,0.00,0.00
2012.12.05 16:05:59.560,16.8828,16.8858,0.00,0.00
2012.12.05 16:05:59.680,16.8823,16.8853,0.00,0.00
2012.12.05 16:05:59.801,16.8828,16.8858,0.00,0.00
2012.12.05 16:05:59.920,16.8823,16.8853,0.00,0.00
2012.12.05 16:06:00.390,16.88248,16.88548,0.00,0.00
2012.12.05 16:06:00.690,16.8823,16.8853,0.00,0.00
2012.12.05 16:06:00.810,16.88247,16.88547,0.00,0.00
2012.12.05 16:06:01.150,16.88225,16.88526,0.00,0.00
2012.12.05 16:06:01.350,16.88107,16.88407,0.00,0.00
2012.12.05 16:06:01.670,16.88066,16.88367,0.00,0.00
2012.12.05 16:06:01.973,16.8813,16.8843,0.00,0.00
2012.12.05 16:06:02.680,16.88087,16.88387,0.00,0.00
2012.12.05 16:06:02.740,16.88152,16.88452,0.00,0.00
2012.12.05 16:06:03.108,16.88152,16.88452,0.00,0.00
2012.12.05 16:06:03.527,16.8813,16.88436,0.00,0.00
2012.12.05 16:06:03.652,16.88077,16.88377,0.00,0.00
2012.12.05 16:06:03.966,16.8808,16.8838,0.00,0.00
2012.12.05 16:06:04.591,16.88017,16.88317,0.00,0.00
2012.12.05 16:06:04.910,16.8813,16.8843,0.00,0.00
2012.12.05 16:06:05.722,16.8808,16.8838,0.00,0.00
2012.12.05 16:06:06.430,16.8813,16.8843,0.00,0.00
2012.12.05 16:06:07.073,16.88065,16.88367,0.00,0.00
2012.12.05 16:06:07.140,16.88111,16.88412,0.00,0.00
2012.12.05 16:06:07.323,16.88092,16.88393,0.00,0.00
2012.12.05 16:06:08.394,16.8803,16.88348,0.00,0.00
2012.12.05 16:06:08.451,16.87848,16.88148,0.00,0.00
2012.12.05 16:06:08.520,16.87885,16.88248,0.00,0.00
2012.12.05 16:06:08.640,16.87852,16.88177,0.00,0.00
2012.12.05 16:06:09.793,16.87827,16.88127,0.00,0.00
2012.12.05 16:06:11.340,16.87857,16.88157,0.00,0.00
2012.12.05 16:06:11.490,16.87987,16.88287,0.00,0.00
2012.12.05 16:06:12.230,16.8813,16.8843,0.00,0.00
2012.12.05 16:06:12.351,16.88017,16.88317,0.00,0.00
2012.12.05 16:06:12.981,16.8808,16.8838,0.00,0.00
2012.12.05 16:06:15.331,16.87987,16.88287,0.00,0.00
2012.12.05 16:06:15.962,16.8803,16.8833,0.00,0.00
2012.12.05 16:06:16.035,16.87952,16.88257,0.00,0.00
2012.12.05 16:06:16.321,16.87957,16.88257,0.00,0.00
2012.12.05 16:06:16.440,16.87952,16.88252,0.00,0.00
2012.12.05 16:06:18.270,16.87948,16.88248,0.00,0.00
2012.12.05 16:06:18.330,16.87897,16.88197,0.00,0.00
2012.12.05 16:06:18.697,16.8803,16.8833,0.00,0.00
2012.12.05 16:06:18.760,16.87967,16.88267,0.00,0.00
2012.12.05 16:06:18.820,16.8808,16.8838,0.00,0.00
2012.12.05 16:06:18.929,16.88048,16.88348,0.00,0.00
2012.12.05 16:06:18.994,16.87987,16.88287,0.00,0.00
2012.12.05 16:06:20.241,16.8803,16.8833,0.00,0.00
2012.12.05 16:06:20.712,16.87967,16.88267,0.00,0.00
2012.12.05 16:06:21.072,16.8803,16.8833,0.00,0.00
2012.12.05 16:06:21.430,16.87937,16.88237,0.00,0.00
2012.12.05 16:06:21.891,16.8808,16.8838,0.00,0.00
2012.12.05 16:06:21.960,16.87977,16.88277,0.00,0.00
2012.12.05 16:06:22.251,16.8813,16.8843,0.00,0.00
2012.12.05 16:06:22.402,16.88103,16.88404,0.00,0.00
2012.12.05 16:06:22.683,16.88027,16.88327,0.00,0.00
2012.12.05 16:06:23.220,16.8808,16.8838,0.00,0.00
2012.12.05 16:06:23.351,16.88006,16.88307,0.00,0.00
2012.12.05 16:06:24.830,16.87948,16.88248,0.00,0.00
2012.12.05 16:06:24.900,16.87967,16.88267,0.00,0.00
2012.12.05 16:06:25.381,16.87907,16.88207,0.00,0.00
2012.12.05 16:06:25.942,16.87952,16.88252,0.00,0.00
2012.12.05 16:06:26.104,16.87927,16.88227,0.00,0.00
2012.12.05 16:06:26.760,16.8798,16.8828,0.00,0.00
2012.12.05 16:06:27.000,16.8803,16.8833,0.00,0.00
2012.12.05 16:06:28.161,16.87947,16.88247,0.00,0.00
2012.12.05 16:06:28.804,16.87907,16.88207,0.00,0.00
2012.12.05 16:06:29.072,16.87948,16.88248,0.00,0.00
2012.12.05 16:06:29.390,16.8789,16.88197,0.00,0.00
2012.12.05 16:06:29.691,16.8793,16.8823,0.00,0.00
2012.12.05 16:06:31.317,16.87867,16.88167,0.00,0.00
2012.12.05 16:06:31.442,16.87887,16.88187,0.00,0.00
2012.12.05 16:06:31.580,16.8798,16.8828,0.00,0.00
2012.12.05 16:06:32.661,16.8803,16.8833,0.00,0.00
2012.12.05 16:06:32.972,16.8798,16.8828,0.00,0.00
2012.12.05 16:06:33.513,16.8793,16.8823,0.00,0.00
2012.12.05 16:06:33.841,16.8808,16.8838,0.00,0.00
2012.12.05 16:06:33.910,16.87957,16.88257,0.00,0.00
2012.12.05 16:06:33.970,16.87957,16.88257,0.00,0.00
2012.12.05 16:06:34.034,16.87988,16.88297,0.00,0.00
2012.12.05 16:06:34.618,16.88007,16.88317,0.00,0.00
2012.12.05 16:06:34.735,16.88052,16.88353,0.00,0.00
2012.12.05 16:06:36.580,16.88037,16.88337,0.00,0.00
2012.12.05 16:06:37.753,16.88007,16.88307,0.00,0.00
2012.12.05 16:06:37.820,16.8808,16.8838,0.00,0.00
2012.12.05 16:06:38.083,16.88037,16.88337,0.00,0.00
2012.12.05 16:06:38.148,16.8813,16.8843,0.00,0.00
2012.12.05 16:06:41.280,16.88052,16.88357,0.00,0.00
2012.12.05 16:06:41.342,16.8818,16.8848,0.00,0.00
2012.12.05 16:06:41.446,16.88148,16.88448,0.00,0.00
2012.12.05 16:06:41.510,16.88107,16.88407,0.00,0.00
2012.12.05 16:06:43.611,16.88077,16.88377,0.00,0.00
2012.12.05 16:06:43.680,16.8813,16.8843,0.00,0.00
2012.12.05 16:06:44.023,16.88057,16.88357,0.00,0.00
2012.12.05 16:06:44.360,16.88052,16.88357,0.00,0.00
2012.12.05 16:06:44.504,16.88017,16.88317,0.00,0.00
2012.12.05 16:06:44.822,16.88048,16.88348,0.00,0.00
2012.12.05 16:06:45.001,16.8808,16.8838,0.00,0.00
2012.12.05 16:06:48.420,16.87996,16.88297,0.00,0.00
2012.12.05 16:06:50.130,16.87952,16.88297,0.00,0.00
2012.12.05 16:06:50.190,16.8803,16.8833,0.00,0.00
2012.12.05 16:06:50.583,16.87927,16.88227,0.00,0.00
2012.12.05 16:06:51.243,16.87856,16.88157,0.00,0.00
2012.12.05 16:06:51.373,16.8793,16.8823,0.00,0.00
2012.12.05 16:06:51.880,16.87852,16.88157,0.00,0.00
2012.12.05 16:06:55.540,16.87827,16.88127,0.00,0.00
2012.12.05 16:07:00.086,16.87852,16.88152,0.00,0.00
2012.12.05 16:07:00.141,16.87757,16.88057,0.00,0.00
2012.12.05 16:07:00.741,16.87752,16.88057,0.00,0.00
2012.12.05 16:07:05.142,16.87752,16.88057,0.00,0.00
2012.12.05 16:07:05.261,16.8772,16.88048,0.00,0.00
2012.12.05 16:07:05.320,16.87707,16.88007,0.00,0.00
2012.12.05 16:07:05.632,16.8773,16.8803,0.00,0.00
2012.12.05 16:07:07.118,16.87752,16.88052,0.00,0.00
2012.12.05 16:07:07.451,16.87648,16.87948,0.00,0.00
2012.12.05 16:07:07.521,16.876,16.879,0.00,0.00
2012.12.05 16:07:07.640,16.87552,16.87887,0.00,0.00
2012.12.05 16:07:07.760,16.87552,16.8788,0.00,0.00
2012.12.05 16:07:08.071,16.8746,16.8776,0.00,0.00
2012.12.05 16:07:08.321,16.87507,16.8781,0.00,0.00
2012.12.05 16:07:08.380,16.87496,16.87797,0.00,0.00
2012.12.05 16:07:09.433,16.87473,16.87836,0.00,0.00
2012.12.05 16:07:10.310,16.87492,16.87848,0.00,0.00
2012.12.05 16:07:10.370,16.87492,16.8781,0.00,0.00
2012.12.05 16:07:10.630,16.87552,16.87927,0.00,0.00
2012.12.05 16:07:10.690,16.87623,16.87947,0.00,0.00
2012.12.05 16:07:11.017,16.87642,16.87948,0.00,0.00
2012.12.05 16:07:11.092,16.87604,16.87967,0.00,0.00
2012.12.05 16:07:11.311,16.87623,16.87986,0.00,0.00
2012.12.05 16:07:11.413,16.87604,16.87967,0.00,0.00
2012.12.05 16:07:11.963,16.87629,16.87992,0.00,0.00
2012.12.05 16:07:12.490,16.87648,16.88011,0.00,0.00
2012.12.05 16:07:12.733,16.87619,16.87982,0.00,0.00
2012.12.05 16:07:13.500,16.87639,16.88002,0.00,0.00
2012.12.05 16:07:13.861,16.87619,16.87982,0.00,0.00
2012.12.05 16:07:13.922,16.87639,16.88002,0.00,0.00
2012.12.05 16:07:14.320,16.87619,16.87982,0.00,0.00
2012.12.05 16:07:14.440,16.87657,16.8802,0.00,0.00
2012.12.05 16:07:14.940,16.8761,16.87973,0.00,0.00
2012.12.05 16:07:16.841,16.87629,16.87992,0.00,0.00
2012.12.05 16:07:16.901,16.8761,16.87973,0.00,0.00
2012.12.05 16:07:17.061,16.87629,16.87992,0.00,0.00
2012.12.05 16:07:17.380,16.87686,16.88049,0.00,0.00
2012.12.05 16:07:17.500,16.87686,16.87997,0.00,0.00
2012.12.05 16:07:17.562,16.87666,16.88029,0.00,0.00
2012.12.05 16:07:17.883,16.87686,16.88049,0.00,0.00
2012.12.05 16:07:18.323,16.87725,16.88048,0.00,0.00
2012.12.05 16:07:18.380,16.87707,16.8807,0.00,0.00
2012.12.05 16:07:19.282,16.87677,16.87977,0.00,0.00
2012.12.05 16:07:19.340,16.87662,16.88025,0.00,0.00
2012.12.05 16:07:19.532,16.8773,16.8803,0.00,0.00
2012.12.05 16:07:19.650,16.8773,16.88048,0.00,0.00
2012.12.05 16:07:19.710,16.87775,16.88138,0.00,0.00
2012.12.05 16:07:20.021,16.87756,16.88119,0.00,0.00
2012.12.05 16:07:20.081,16.87775,16.88138,0.00,0.00
2012.12.05 16:07:20.412,16.87756,16.88119,0.00,0.00
2012.12.05 16:07:20.782,16.87785,16.88148,0.00,0.00
2012.12.05 16:07:21.483,16.87785,16.88117,0.00,0.00
2012.12.05 16:07:22.362,16.87785,16.88137,0.00,0.00
2012.12.05 16:07:22.420,16.87804,16.88167,0.00,0.00
2012.12.05 16:07:22.603,16.87784,16.88147,0.00,0.00
2012.12.05 16:07:23.820,16.87784,16.88117,0.00,0.00
2012.12.05 16:07:24.170,16.87804,16.88167,0.00,0.00
2012.12.05 16:07:24.439,16.87775,16.88138,0.00,0.00
2012.12.05 16:07:24.720,16.87794,16.88157,0.00,0.00
2012.12.05 16:07:24.980,16.87752,16.8811,0.00,0.00
2012.12.05 16:07:25.040,16.87752,16.88057,0.00,0.00
2012.12.05 16:07:25.512,16.87752,16.8811,0.00,0.00
2012.12.05 16:07:25.672,16.87752,16.88091,0.00,0.00
2012.12.05 16:07:25.877,16.87752,16.88057,0.00,0.00
2012.12.05 16:07:25.930,16.87752,16.88057,0.00,0.00
2012.12.05 16:07:25.991,16.87653,16.88027,0.00,0.00
2012.12.05 16:07:26.130,16.87672,16.88037,0.00,0.00
2012.12.05 16:07:26.190,16.87653,16.88027,0.00,0.00
2012.12.05 16:07:26.250,16.87653,16.87987,0.00,0.00
2012.12.05 16:07:26.430,16.87652,16.88006,0.00,0.00
2012.12.05 16:07:26.670,16.87663,16.88026,0.00,0.00
2012.12.05 16:07:26.730,16.87652,16.88006,0.00,0.00
2012.12.05 16:07:26.790,16.87652,16.87967,0.00,0.00
2012.12.05 16:07:27.150,16.87652,16.8796,0.00,0.00
2012.12.05 16:07:27.210,16.87652,16.87967,0.00,0.00
2012.12.05 16:07:27.379,16.87653,16.88016,0.00,0.00
2012.12.05 16:07:27.790,16.87653,16.8801,0.00,0.00
2012.12.05 16:07:28.982,16.87653,16.8796,0.00,0.00
2012.12.05 16:07:29.222,16.87573,16.8791,0.00,0.00
2012.12.05 16:07:29.281,16.87552,16.87897,0.00,0.00
2012.12.05 16:07:29.821,16.87552,16.87877,0.00,0.00
2012.12.05 16:07:30.482,16.87571,16.87934,0.00,0.00
2012.12.05 16:07:31.252,16.87552,16.87914,0.00,0.00
2012.12.05 16:07:34.082,16.87552,16.87887,0.00,0.00
2012.12.05 16:07:34.146,16.87552,16.87857,0.00,0.00
2012.12.05 16:07:34.461,16.87552,16.87869,0.00,0.00
2012.12.05 16:07:34.520,16.87552,16.87857,0.00,0.00
2012.12.05 16:07:35.220,16.87552,16.87887,0.00,0.00
2012.12.05 16:07:35.530,16.87652,16.87991,0.00,0.00
2012.12.05 16:07:35.590,16.87636,16.87937,0.00,0.00
2012.12.05 16:07:35.991,16.87678,16.87997,0.00,0.00
2012.12.05 16:07:36.181,16.8766,16.8796,0.00,0.00
2012.12.05 16:07:36.241,16.87652,16.8801,0.00,0.00
2012.12.05 16:07:36.360,16.87652,16.8796,0.00,0.00
2012.12.05 16:07:36.631,16.87652,16.87973,0.00,0.00
2012.12.05 16:07:36.751,16.87652,16.87957,0.00,0.00
2012.12.05 16:07:37.021,16.87652,16.87957,0.00,0.00
2012.12.05 16:07:37.140,16.87652,16.87952,0.00,0.00
2012.12.05 16:07:37.200,16.87652,16.87967,0.00,0.00
2012.12.05 16:07:37.320,16.87652,16.87997,0.00,0.00
2012.12.05 16:07:37.380,16.87682,16.88045,0.00,0.00
2012.12.05 16:07:37.440,16.87662,16.88025,0.00,0.00
2012.12.05 16:07:38.260,16.87682,16.88045,0.00,0.00
2012.12.05 16:07:38.401,16.87682,16.88057,0.00,0.00
2012.12.05 16:07:38.460,16.87738,16.88101,0.00,0.00
2012.12.05 16:07:38.520,16.87718,16.88081,0.00,0.00
2012.12.05 16:07:38.640,16.87738,16.88101,0.00,0.00
2012.12.05 16:07:38.960,16.87738,16.88087,0.00,0.00
2012.12.05 16:07:39.020,16.87752,16.88087,0.00,0.00
2012.12.05 16:07:39.080,16.87776,16.88107,0.00,0.00
2012.12.05 16:07:39.236,16.87756,16.88119,0.00,0.00
2012.12.05 16:07:39.351,16.87776,16.88139,0.00,0.00
2012.12.05 16:07:39.456,16.87756,16.88119,0.00,0.00
2012.12.05 16:07:40.311,16.87776,16.88077,0.00,0.00
2012.12.05 16:07:40.371,16.87752,16.88077,0.00,0.00
2012.12.05 16:07:40.432,16.87752,16.8806,0.00,0.00
2012.12.05 16:07:40.490,16.87723,16.88048,0.00,0.00
2012.12.05 16:07:40.551,16.87664,16.88027,0.00,0.00
2012.12.05 16:07:40.962,16.87664,16.88007,0.00,0.00
2012.12.05 16:07:41.459,16.87684,16.88047,0.00,0.00
2012.12.05 16:07:42.022,16.87655,16.88018,0.00,0.00
2012.12.05 16:07:43.052,16.87655,16.87987,0.00,0.00
2012.12.05 16:07:43.762,16.87652,16.88007,0.00,0.00
2012.12.05 16:07:44.421,16.87664,16.88027,0.00,0.00
2012.12.05 16:07:44.802,16.87652,16.88007,0.00,0.00
2012.12.05 16:07:45.021,16.87664,16.88027,0.00,0.00
2012.12.05 16:07:45.081,16.87652,16.88007,0.00,0.00
2012.12.05 16:07:46.064,16.87664,16.88027,0.00,0.00
2012.12.05 16:07:46.251,16.87683,16.88007,0.00,0.00
2012.12.05 16:07:46.462,16.87683,16.88037,0.00,0.00
2012.12.05 16:07:46.520,16.87702,16.88065,0.00,0.00
2012.12.05 16:07:47.012,16.87696,16.87997,0.00,0.00
2012.12.05 16:07:47.071,16.87652,16.88007,0.00,0.00
2012.12.05 16:07:47.271,16.87664,16.88027,0.00,0.00
2012.12.05 16:07:47.390,16.87683,16.88077,0.00,0.00
2012.12.05 16:07:47.450,16.87748,16.88111,0.00,0.00
2012.12.05 16:07:47.990,16.87752,16.88092,0.00,0.00
2012.12.05 16:07:48.771,16.87767,16.8813,0.00,0.00
2012.12.05 16:07:49.782,16.87767,16.88097,0.00,0.00
2012.12.05 16:07:50.221,16.87783,16.88148,0.00,0.00
2012.12.05 16:07:50.733,16.87811,16.88174,0.00,0.00
2012.12.05 16:07:51.503,16.87791,16.88157,0.00,0.00
2012.12.05 16:07:52.651,16.87777,16.88077,0.00,0.00
2012.12.05 16:07:52.770,16.87752,16.88077,0.00,0.00
2012.12.05 16:07:52.831,16.87752,16.88094,0.00,0.00
2012.12.05 16:07:52.913,16.87752,16.88075,0.00,0.00
2012.12.05 16:07:53.220,16.87752,16.8811,0.00,0.00
2012.12.05 16:07:53.280,16.87752,16.88077,0.00,0.00
2012.12.05 16:07:53.341,16.87746,16.88047,0.00,0.00
2012.12.05 16:07:53.460,16.87752,16.88052,0.00,0.00
2012.12.05 16:07:54.131,16.87717,16.88017,0.00,0.00
2012.12.05 16:07:54.524,16.87665,16.88028,0.00,0.00
2012.12.05 16:07:54.596,16.87652,16.88017,0.00,0.00
2012.12.05 16:07:54.660,16.87652,16.87997,0.00,0.00
2012.12.05 16:07:55.012,16.87752,16.88085,0.00,0.00
2012.12.05 16:07:55.070,16.87746,16.88047,0.00,0.00
2012.12.05 16:07:55.222,16.87752,16.88104,0.00,0.00
2012.12.05 16:07:55.497,16.87752,16.88087,0.00,0.00
2012.12.05 16:07:56.924,16.87752,16.88087,0.00,0.00
2012.12.05 16:07:57.040,16.87752,16.88057,0.00,0.00
2012.12.05 16:07:57.500,16.87736,16.88037,0.00,0.00
2012.12.05 16:07:58.252,16.87752,16.8806,0.00,0.00
2012.12.05 16:07:58.310,16.87752,16.88087,0.00,0.00
2012.12.05 16:07:58.370,16.87752,16.88113,0.00,0.00
2012.12.05 16:07:58.431,16.87752,16.88087,0.00,0.00
2012.12.05 16:07:58.491,16.87752,16.8806,0.00,0.00
2012.12.05 16:07:58.582,16.87736,16.88037,0.00,0.00
2012.12.05 16:07:58.840,16.87683,16.88037,0.00,0.00
2012.12.05 16:07:58.960,16.87652,16.87987,0.00,0.00
2012.12.05 16:07:59.570,16.87666,16.88029,0.00,0.00
2012.12.05 16:07:59.690,16.87666,16.88007,0.00,0.00
2012.12.05 16:08:00.012,16.87666,16.88037,0.00,0.00
2012.12.05 16:08:00.141,16.87685,16.88048,0.00,0.00
2012.12.05 16:08:00.491,16.87722,16.88037,0.00,0.00
2012.12.05 16:08:00.642,16.87684,16.88047,0.00,0.00
2012.12.05 16:08:00.912,16.87703,16.88066,0.00,0.00
2012.12.05 16:08:01.242,16.87673,16.88037,0.00,0.00
2012.12.05 16:08:01.632,16.87691,16.88054,0.00,0.00
2012.12.05 16:08:03.560,16.87709,16.88072,0.00,0.00
2012.12.05 16:08:03.800,16.87752,16.88117,0.00,0.00
2012.12.05 16:08:03.921,16.8773,16.88044,0.00,0.00
2012.12.05 16:08:04.040,16.87652,16.87997,0.00,0.00
2012.12.05 16:08:04.260,16.87653,16.88016,0.00,0.00
2012.12.05 16:08:04.320,16.87652,16.87997,0.00,0.00
2012.12.05 16:08:04.540,16.87653,16.88016,0.00,0.00
2012.12.05 16:08:05.151,16.87652,16.87997,0.00,0.00
2012.12.05 16:08:05.509,16.87653,16.88016,0.00,0.00
2012.12.05 16:08:05.842,16.87546,16.87847,0.00,0.00
2012.12.05 16:08:06.401,16.87527,16.87827,0.00,0.00
2012.12.05 16:08:06.767,16.87452,16.87752,0.00,0.00
2012.12.05 16:08:06.890,16.87452,16.87762,0.00,0.00
2012.12.05 16:08:07.313,16.87352,16.87657,0.00,0.00
2012.12.05 16:08:07.430,16.87352,16.87677,0.00,0.00
2012.12.05 16:08:07.491,16.87352,16.87696,0.00,0.00
2012.12.05 16:08:07.730,16.87372,16.87697,0.00,0.00
2012.12.05 16:08:08.170,16.87372,16.87717,0.00,0.00
2012.12.05 16:08:08.300,16.8739,16.8776,0.00,0.00
2012.12.05 16:08:08.360,16.87465,16.8781,0.00,0.00
2012.12.05 16:08:08.420,16.87465,16.8781,0.00,0.00
2012.12.05 16:08:08.481,16.8741,16.8771,0.00,0.00
2012.12.05 16:08:08.600,16.87418,16.87748,0.00,0.00
2012.12.05 16:08:08.681,16.87352,16.87717,0.00,0.00
2012.12.05 16:08:08.870,16.87372,16.87735,0.00,0.00
2012.12.05 16:08:09.069,16.87352,16.87717,0.00,0.00
2012.12.05 16:08:09.670,16.87465,16.87828,0.00,0.00
2012.12.05 16:08:09.790,16.87465,16.87767,0.00,0.00
2012.12.05 16:08:09.980,16.87452,16.87809,0.00,0.00
2012.12.05 16:08:10.415,16.87465,16.87828,0.00,0.00
2012.12.05 16:08:10.642,16.87452,16.87809,0.00,0.00
2012.12.05 16:08:11.182,16.87465,16.87828,0.00,0.00
2012.12.05 16:08:11.511,16.87452,16.87804,0.00,0.00
2012.12.05 16:08:14.852,16.87452,16.8776,0.00,0.00
2012.12.05 16:08:15.030,16.87452,16.87775,0.00,0.00
2012.12.05 16:08:15.377,16.87452,16.8776,0.00,0.00
2012.12.05 16:08:15.430,16.87452,16.87752,0.00,0.00
2012.12.05 16:08:15.936,16.87396,16.87697,0.00,0.00
2012.12.05 16:08:16.012,16.87352,16.87681,0.00,0.00
2012.12.05 16:08:16.084,16.87352,16.87657,0.00,0.00
2012.12.05 16:08:16.490,16.87326,16.87627,0.00,0.00
2012.12.05 16:08:17.447,16.87352,16.87673,0.00,0.00
2012.12.05 16:08:17.557,16.87352,16.87653,0.00,0.00
2012.12.05 16:08:18.241,16.87352,16.8766,0.00,0.00
2012.12.05 16:08:18.301,16.87357,16.8772,0.00,0.00
2012.12.05 16:08:18.781,16.87404,16.87767,0.00,0.00
2012.12.05 16:08:18.960,16.87426,16.87727,0.00,0.00
2012.12.05 16:08:19.092,16.87452,16.87752,0.00,0.00
2012.12.05 16:08:19.229,16.87384,16.87747,0.00,0.00
2012.12.05 16:08:19.305,16.87365,16.87737,0.00,0.00
2012.12.05 16:08:19.801,16.87365,16.87697,0.00,0.00
2012.12.05 16:08:19.860,16.87352,16.8771,0.00,0.00
2012.12.05 16:08:20.000,16.87452,16.87752,0.00,0.00
2012.12.05 16:08:20.361,16.87352,16.877,0.00,0.00
2012.12.05 16:08:20.616,16.87357,16.8772,0.00,0.00
2012.12.05 16:08:21.046,16.87352,16.877,0.00,0.00
2012.12.05 16:08:22.331,16.87352,16.8766,0.00,0.00
2012.12.05 16:08:22.450,16.87346,16.87647,0.00,0.00
2012.12.05 16:08:22.800,16.8754,16.87852,0.00,0.00
2012.12.05 16:08:22.870,16.87516,16.87817,0.00,0.00
2012.12.05 16:08:22.931,16.87552,16.87852,0.00,0.00
2012.12.05 16:08:22.992,16.87552,16.87852,0.00,0.00
2012.12.05 16:08:23.050,16.87452,16.8781,0.00,0.00
2012.12.05 16:08:23.261,16.87452,16.87817,0.00,0.00
2012.12.05 16:08:23.672,16.87532,16.87895,0.00,0.00
2012.12.05 16:08:23.750,16.87532,16.87895,0.00,0.00
2012.12.05 16:08:23.871,16.87552,16.87877,0.00,0.00
2012.12.05 16:08:23.930,16.87552,16.87913,0.00,0.00
2012.12.05 16:08:23.991,16.87552,16.8791,0.00,0.00
2012.12.05 16:08:24.050,16.87552,16.87887,0.00,0.00
2012.12.05 16:08:24.111,16.87552,16.8786,0.00,0.00
2012.12.05 16:08:25.351,16.87552,16.87887,0.00,0.00
2012.12.05 16:08:25.531,16.87552,16.87897,0.00,0.00
2012.12.05 16:08:26.113,16.87552,16.87907,0.00,0.00
2012.12.05 16:08:26.430,16.87607,16.87957,0.00,0.00
2012.12.05 16:08:26.711,16.87607,16.8797,0.00,0.00
2012.12.05 16:08:26.770,16.87652,16.87987,0.00,0.00
2012.12.05 16:08:26.892,16.87652,16.87997,0.00,0.00
2012.12.05 16:08:27.481,16.87652,16.88007,0.00,0.00
2012.12.05 16:08:27.541,16.87652,16.88007,0.00,0.00
2012.12.05 16:08:27.930,16.87752,16.88052,0.00,0.00
2012.12.05 16:08:29.031,16.87772,16.88135,0.00,0.00
2012.12.05 16:08:29.122,16.87772,16.88117,0.00,0.00
2012.12.05 16:08:29.301,16.87754,16.88117,0.00,0.00
2012.12.05 16:08:29.362,16.87774,16.88137,0.00,0.00
2012.12.05 16:08:29.628,16.87754,16.88117,0.00,0.00
2012.12.05 16:08:29.781,16.87773,16.88148,0.00,0.00
2012.12.05 16:08:29.840,16.87774,16.88148,0.00,0.00
2012.12.05 16:08:30.243,16.87877,16.88247,0.00,0.00
2012.12.05 16:08:30.491,16.87952,16.88287,0.00,0.00
2012.12.05 16:08:30.550,16.87952,16.88287,0.00,0.00
2012.12.05 16:08:30.898,16.87961,16.88324,0.00,0.00
2012.12.05 16:08:32.001,16.87952,16.88304,0.00,0.00
2012.12.05 16:08:32.122,16.87952,16.88286,0.00,0.00
2012.12.05 16:08:32.411,16.87852,16.88207,0.00,0.00
2012.12.05 16:08:32.533,16.87852,16.88207,0.00,0.00
2012.12.05 16:08:33.021,16.87852,16.88207,0.00,0.00
2012.12.05 16:08:33.252,16.87852,16.88207,0.00,0.00
2012.12.05 16:08:34.756,16.87852,16.8816,0.00,0.00
2012.12.05 16:08:34.810,16.87852,16.8817,0.00,0.00
2012.12.05 16:08:34.871,16.87852,16.8816,0.00,0.00
2012.12.05 16:08:35.200,16.87717,16.88017,0.00,0.00
2012.12.05 16:08:35.589,16.87711,16.88012,0.00,0.00
2012.12.05 16:08:35.671,16.8771,16.8801,0.00,0.00
2012.12.05 16:08:35.791,16.87652,16.87997,0.00,0.00
2012.12.05 16:08:35.920,16.87699,16.88062,0.00,0.00
2012.12.05 16:08:35.980,16.87699,16.88057,0.00,0.00
2012.12.05 16:08:36.670,16.87902,16.88248,0.00,0.00
2012.12.05 16:08:36.742,16.87874,16.88237,0.00,0.00
2012.12.05 16:08:36.860,16.87854,16.88217,0.00,0.00
2012.12.05 16:08:36.921,16.87854,16.88227,0.00,0.00
2012.12.05 16:08:36.982,16.87854,16.88247,0.00,0.00
2012.12.05 16:08:37.272,16.87863,16.88247,0.00,0.00
2012.12.05 16:08:37.411,16.87863,16.88227,0.00,0.00
2012.12.05 16:08:37.868,16.87852,16.8821,0.00,0.00
2012.12.05 16:08:38.760,16.87852,16.88197,0.00,0.00
2012.12.05 16:08:38.942,16.87852,16.8816,0.00,0.00
2012.12.05 16:08:39.060,16.87863,16.88227,0.00,0.00
2012.12.05 16:08:39.120,16.87863,16.88227,0.00,0.00
2012.12.05 16:08:39.240,16.87863,16.8821,0.00,0.00
2012.12.05 16:08:39.361,16.87852,16.8821,0.00,0.00
2012.12.05 16:08:39.621,16.87852,16.88227,0.00,0.00
2012.12.05 16:08:39.734,16.87852,16.88197,0.00,0.00
2012.12.05 16:08:40.385,16.87852,16.88197,0.00,0.00
2012.12.05 16:08:40.441,16.87852,16.8816,0.00,0.00
2012.12.05 16:08:40.780,16.87852,16.8816,0.00,0.00
2012.12.05 16:08:41.300,16.87844,16.88147,0.00,0.00
2012.12.05 16:08:42.080,16.87852,16.88173,0.00,0.00
2012.12.05 16:08:42.202,16.87852,16.88157,0.00,0.00
2012.12.05 16:08:42.531,16.87783,16.88147,0.00,0.00
2012.12.05 16:08:42.650,16.87752,16.88127,0.00,0.00
2012.12.05 16:08:42.893,16.87752,16.8811,0.00,0.00
2012.12.05 16:08:42.960,16.87752,16.8811,0.00,0.00
2012.12.05 16:08:43.140,16.87752,16.88107,0.00,0.00
2012.12.05 16:08:44.222,16.87752,16.88107,0.00,0.00
2012.12.05 16:08:44.800,16.87752,16.88107,0.00,0.00
2012.12.05 16:08:44.972,16.87752,16.88107,0.00,0.00
2012.12.05 16:08:45.450,16.87752,16.88107,0.00,0.00
2012.12.05 16:08:45.840,16.87752,16.88107,0.00,0.00
2012.12.05 16:08:46.421,16.87752,16.88107,0.00,0.00
2012.12.05 16:08:46.630,16.87752,16.88107,0.00,0.00
2012.12.05 16:08:46.940,16.87852,16.88152,0.00,0.00
2012.12.05 16:08:47.060,16.87826,16.88127,0.00,0.00
2012.12.05 16:08:47.332,16.87852,16.88164,0.00,0.00
2012.12.05 16:08:47.570,16.87783,16.8811,0.00,0.00
2012.12.05 16:08:47.630,16.87783,16.8811,0.00,0.00
2012.12.05 16:08:47.690,16.87752,16.88107,0.00,0.00
2012.12.05 16:08:47.750,16.87752,16.88107,0.00,0.00
2012.12.05 16:08:48.091,16.87752,16.88107,0.00,0.00
2012.12.05 16:08:48.483,16.87752,16.88107,0.00,0.00
2012.12.05 16:08:48.671,16.87752,16.8806,0.00,0.00
2012.12.05 16:08:48.991,16.87607,16.87907,0.00,0.00
2012.12.05 16:08:49.054,16.87553,16.87907,0.00,0.00
2012.12.05 16:08:49.430,16.87553,16.8791,0.00,0.00
2012.12.05 16:08:49.641,16.87553,16.87907,0.00,0.00
2012.12.05 16:08:50.248,16.87553,16.8791,0.00,0.00
2012.12.05 16:08:50.532,16.87553,16.87907,0.00,0.00
2012.12.05 16:08:50.691,16.87552,16.87877,0.00,0.00
2012.12.05 16:08:50.751,16.87552,16.87877,0.00,0.00
2012.12.05 16:08:50.832,16.87552,16.8786,0.00,0.00
2012.12.05 16:08:51.222,16.87552,16.87896,0.00,0.00
2012.12.05 16:08:51.490,16.87503,16.8781,0.00,0.00
2012.12.05 16:08:51.561,16.87452,16.87807,0.00,0.00
2012.12.05 16:08:51.868,16.87458,16.87821,0.00,0.00
2012.12.05 16:08:51.978,16.87452,16.87807,0.00,0.00
2012.12.05 16:08:52.160,16.87452,16.87777,0.00,0.00
2012.12.05 16:08:52.401,16.87452,16.87752,0.00,0.00
2012.12.05 16:08:53.041,16.87409,16.8771,0.00,0.00
2012.12.05 16:08:53.312,16.87373,16.8771,0.00,0.00
2012.12.05 16:08:53.401,16.87364,16.87727,0.00,0.00
2012.12.05 16:08:53.522,16.87452,16.87752,0.00,0.00
2012.12.05 16:08:53.833,16.87456,16.87757,0.00,0.00
2012.12.05 16:08:54.100,16.87452,16.87801,0.00,0.00
2012.12.05 16:08:54.161,16.87452,16.87787,0.00,0.00
2012.12.05 16:08:54.827,16.87458,16.87821,0.00,0.00
2012.12.05 16:08:56.441,16.87458,16.87807,0.00,0.00
2012.12.05 16:08:56.500,16.87452,16.87807,0.00,0.00
2012.12.05 16:08:57.071,16.87452,16.87777,0.00,0.00
2012.12.05 16:08:57.976,16.87513,16.87876,0.00,0.00
2012.12.05 16:08:59.430,16.87534,16.87848,0.00,0.00
2012.12.05 16:08:59.490,16.87526,16.87827,0.00,0.00
2012.12.05 16:08:59.870,16.87495,16.87858,0.00,0.00
2012.12.05 16:09:00.156,16.87452,16.87827,0.00,0.00
2012.12.05 16:09:00.270,16.87446,16.87747,0.00,0.00
2012.12.05 16:09:00.541,16.87373,16.87747,0.00,0.00
2012.12.05 16:09:00.660,16.87382,16.8771,0.00,0.00
2012.12.05 16:09:01.000,16.8738,16.87743,0.00,0.00
2012.12.05 16:09:01.060,16.8738,16.87717,0.00,0.00
2012.12.05 16:09:01.120,16.8736,16.8766,0.00,0.00
2012.12.05 16:09:01.240,16.87372,16.87735,0.00,0.00
2012.12.05 16:09:01.590,16.87452,16.87752,0.00,0.00
2012.12.05 16:09:01.650,16.8741,16.8771,0.00,0.00
2012.12.05 16:09:01.710,16.87396,16.87697,0.00,0.00
2012.12.05 16:09:01.842,16.87392,16.87717,0.00,0.00
2012.12.05 16:09:01.951,16.87392,16.87717,0.00,0.00
2012.12.05 16:09:02.011,16.87448,16.87811,0.00,0.00
2012.12.05 16:09:02.071,16.87448,16.87757,0.00,0.00
2012.12.05 16:09:02.131,16.87452,16.87795,0.00,0.00
2012.12.05 16:09:02.282,16.87452,16.87811,0.00,0.00
2012.12.05 16:09:02.570,16.87452,16.87791,0.00,0.00
2012.12.05 16:09:04.531,16.87452,16.87791,0.00,0.00
2012.12.05 16:09:04.590,16.87485,16.87848,0.00,0.00
2012.12.05 16:09:04.651,16.87485,16.8781,0.00,0.00
2012.12.05 16:09:05.835,16.87578,16.87941,0.00,0.00
2012.12.05 16:09:06.400,16.87526,16.87827,0.00,0.00
2012.12.05 16:09:07.030,16.87598,16.87961,0.00,0.00
2012.12.05 16:09:07.090,16.87556,16.87857,0.00,0.00
2012.12.05 16:09:07.454,16.87618,16.87981,0.00,0.00
2012.12.05 16:09:07.674,16.87556,16.87919,0.00,0.00
2012.12.05 16:09:08.224,16.87576,16.87939,0.00,0.00
2012.12.05 16:09:08.554,16.87556,16.87919,0.00,0.00
2012.12.05 16:09:08.821,16.87576,16.87939,0.00,0.00
2012.12.05 16:09:09.327,16.87552,16.87873,0.00,0.00
2012.12.05 16:09:09.449,16.8751,16.8781,0.00,0.00
2012.12.05 16:09:09.570,16.87491,16.87854,0.00,0.00
2012.12.05 16:09:09.701,16.87511,16.87874,0.00,0.00
2012.12.05 16:09:10.504,16.87491,16.87854,0.00,0.00
2012.12.05 16:09:10.660,16.87511,16.87874,0.00,0.00
2012.12.05 16:09:10.981,16.87511,16.87848,0.00,0.00
2012.12.05 16:09:11.241,16.87552,16.8786,0.00,0.00
2012.12.05 16:09:11.302,16.87552,16.87911,0.00,0.00
2012.12.05 16:09:11.361,16.87552,16.87911,0.00,0.00
2012.12.05 16:09:11.422,16.87586,16.87949,0.00,0.00
2012.12.05 16:09:11.480,16.87566,16.87929,0.00,0.00
2012.12.05 16:09:11.789,16.87596,16.87959,0.00,0.00
2012.12.05 16:09:12.172,16.87577,16.8794,0.00,0.00
2012.12.05 16:09:12.371,16.87552,16.8786,0.00,0.00
2012.12.05 16:09:12.431,16.8751,16.8781,0.00,0.00
2012.12.05 16:09:12.986,16.87512,16.87875,0.00,0.00
2012.12.05 16:09:13.302,16.87466,16.87829,0.00,0.00
2012.12.05 16:09:13.460,16.87485,16.87848,0.00,0.00
2012.12.05 16:09:13.520,16.87485,16.87817,0.00,0.00
2012.12.05 16:09:13.581,16.87523,16.87886,0.00,0.00
2012.12.05 16:09:13.711,16.87523,16.87837,0.00,0.00
2012.12.05 16:09:13.776,16.87504,16.87867,0.00,0.00
2012.12.05 16:09:13.842,16.87561,16.87924,0.00,0.00
2012.12.05 16:09:14.207,16.8758,16.87943,0.00,0.00
2012.12.05 16:09:14.319,16.8757,16.87933,0.00,0.00
2012.12.05 16:09:14.422,16.87551,16.87914,0.00,0.00
2012.12.05 16:09:14.642,16.8758,16.87943,0.00,0.00
2012.12.05 16:09:15.090,16.8746,16.8776,0.00,0.00
2012.12.05 16:09:15.150,16.87457,16.87797,0.00,0.00
2012.12.05 16:09:15.313,16.87452,16.8776,0.00,0.00
2012.12.05 16:09:15.640,16.87493,16.87856,0.00,0.00
2012.12.05 16:09:15.708,16.87493,16.87848,0.00,0.00
2012.12.05 16:09:16.122,16.87474,16.87837,0.00,0.00
2012.12.05 16:09:16.180,16.87452,16.8776,0.00,0.00
2012.12.05 16:09:16.240,16.87367,16.87667,0.00,0.00
2012.12.05 16:09:16.600,16.87361,16.87724,0.00,0.00
2012.12.05 16:09:16.731,16.87352,16.87705,0.00,0.00
2012.12.05 16:09:17.001,16.87352,16.87696,0.00,0.00
2012.12.05 16:09:17.242,16.87267,16.87567,0.00,0.00
2012.12.05 16:09:17.381,16.87252,16.87585,0.00,0.00
2012.12.05 16:09:17.442,16.87269,16.87632,0.00,0.00
2012.12.05 16:09:17.561,16.87194,16.8756,0.00,0.00
2012.12.05 16:09:17.620,16.87278,16.87641,0.00,0.00
2012.12.05 16:09:17.801,16.87276,16.87577,0.00,0.00
2012.12.05 16:09:17.960,16.87327,16.8769,0.00,0.00
2012.12.05 16:09:18.201,16.87411,16.87728,0.00,0.00
2012.12.05 16:09:18.321,16.87395,16.87758,0.00,0.00
2012.12.05 16:09:18.472,16.87359,16.8766,0.00,0.00
2012.12.05 16:09:18.531,16.87352,16.87701,0.00,0.00
2012.12.05 16:09:18.591,16.87346,16.87647,0.00,0.00
2012.12.05 16:09:19.062,16.87396,16.87759,0.00,0.00
2012.12.05 16:09:19.145,16.87366,16.87667,0.00,0.00
2012.12.05 16:09:19.461,16.87396,16.87759,0.00,0.00
2012.12.05 16:09:19.754,16.87352,16.87694,0.00,0.00
2012.12.05 16:09:19.822,16.87346,16.87647,0.00,0.00
2012.12.05 16:09:19.880,16.87266,16.87567,0.00,0.00
2012.12.05 16:09:19.981,16.87316,16.87617,0.00,0.00
2012.12.05 16:09:20.131,16.87352,16.87667,0.00,0.00
2012.12.05 16:09:20.261,16.87352,16.87695,0.00,0.00
2012.12.05 16:09:20.713,16.87378,16.87741,0.00,0.00
2012.12.05 16:09:21.151,16.87383,16.87746,0.00,0.00
2012.12.05 16:09:23.231,16.87402,16.87765,0.00,0.00
2012.12.05 16:09:23.450,16.87383,16.87746,0.00,0.00
2012.12.05 16:09:25.200,16.87402,16.87765,0.00,0.00
2012.12.05 16:09:26.132,16.87383,16.87746,0.00,0.00
2012.12.05 16:09:26.880,16.87402,16.87765,0.00,0.00
2012.12.05 16:09:27.608,16.87383,16.87746,0.00,0.00
2012.12.05 16:09:28.259,16.87402,16.87765,0.00,0.00
2012.12.05 16:09:28.630,16.87373,16.87736,0.00,0.00
2012.12.05 16:09:29.468,16.87352,16.8766,0.00,0.00
2012.12.05 16:09:29.611,16.87352,16.87699,0.00,0.00
2012.12.05 16:09:30.200,16.87346,16.87647,0.00,0.00
2012.12.05 16:09:30.631,16.87407,16.87707,0.00,0.00
2012.12.05 16:09:30.952,16.87476,16.87777,0.00,0.00
2012.12.05 16:09:31.190,16.87495,16.87858,0.00,0.00
2012.12.05 16:09:31.352,16.87514,16.87877,0.00,0.00
2012.12.05 16:09:32.290,16.87446,16.87747,0.00,0.00
2012.12.05 16:09:32.588,16.87496,16.87859,0.00,0.00
2012.12.05 16:09:32.730,16.87496,16.87797,0.00,0.00
2012.12.05 16:09:33.021,16.87504,16.87867,0.00,0.00
2012.12.05 16:09:34.107,16.87524,16.87887,0.00,0.00
2012.12.05 16:09:34.411,16.87524,16.87827,0.00,0.00
2012.12.05 16:09:34.470,16.87543,16.87906,0.00,0.00
2012.12.05 16:09:34.535,16.87543,16.87877,0.00,0.00
2012.12.05 16:09:34.655,16.87556,16.87919,0.00,0.00
2012.12.05 16:09:34.990,16.87576,16.87939,0.00,0.00
2012.12.05 16:09:35.781,16.87548,16.87848,0.00,0.00
2012.12.05 16:09:35.840,16.87546,16.87847,0.00,0.00
2012.12.05 16:09:35.900,16.87534,16.87897,0.00,0.00
2012.12.05 16:09:36.561,16.87514,16.87877,0.00,0.00
2012.12.05 16:09:36.950,16.87514,16.87827,0.00,0.00
2012.12.05 16:09:38.379,16.8751,16.8781,0.00,0.00
2012.12.05 16:09:38.500,16.87477,16.8784,0.00,0.00
2012.12.05 16:09:38.730,16.87506,16.87869,0.00,0.00
2012.12.05 16:09:39.141,16.87548,16.87848,0.00,0.00
2012.12.05 16:09:39.200,16.87531,16.87894,0.00,0.00
2012.12.05 16:09:39.320,16.87512,16.87875,0.00,0.00
2012.12.05 16:09:39.393,16.87484,16.87847,0.00,0.00
2012.12.05 16:09:39.520,16.87484,16.87797,0.00,0.00
2012.12.05 16:09:39.641,16.87465,16.87828,0.00,0.00
2012.12.05 16:09:39.700,16.87447,16.87747,0.00,0.00
2012.12.05 16:09:40.021,16.87503,16.87866,0.00,0.00
2012.12.05 16:09:40.081,16.87477,16.87777,0.00,0.00
2012.12.05 16:09:40.481,16.87475,16.87838,0.00,0.00
2012.12.05 16:09:40.690,16.87459,16.8776,0.00,0.00
2012.12.05 16:09:40.840,16.87446,16.87747,0.00,0.00
2012.12.05 16:09:41.471,16.87476,16.87777,0.00,0.00
2012.12.05 16:09:42.036,16.87457,16.8782,0.00,0.00
2012.12.05 16:09:42.464,16.87477,16.8784,0.00,0.00
2012.12.05 16:09:42.801,16.87496,16.87859,0.00,0.00
2012.12.05 16:09:42.861,16.87496,16.87859,0.00,0.00
2012.12.05 16:09:43.040,16.87533,16.87896,0.00,0.00
2012.12.05 16:09:43.160,16.87552,16.87896,0.00,0.00
2012.12.05 16:09:43.220,16.87607,16.87907,0.00,0.00
2012.12.05 16:09:43.392,16.87607,16.8797,0.00,0.00
2012.12.05 16:09:43.451,16.87561,16.87924,0.00,0.00
2012.12.05 16:09:43.650,16.87607,16.87948,0.00,0.00
2012.12.05 16:09:46.840,16.87627,16.8799,0.00,0.00
2012.12.05 16:09:48.027,16.87608,16.87971,0.00,0.00
2012.12.05 16:09:48.821,16.87627,16.8799,0.00,0.00
2012.12.05 16:09:48.881,16.87606,16.87969,0.00,0.00
2012.12.05 16:09:49.472,16.87629,16.87992,0.00,0.00
2012.12.05 16:09:49.751,16.87553,16.8786,0.00,0.00
2012.12.05 16:09:49.820,16.87493,16.87794,0.00,0.00
2012.12.05 16:09:49.887,16.87452,16.87787,0.00,0.00
2012.12.05 16:09:50.131,16.87469,16.87832,0.00,0.00
2012.12.05 16:09:50.520,16.87469,16.87832,0.00,0.00
2012.12.05 16:09:51.905,16.87452,16.8776,0.00,0.00
2012.12.05 16:09:51.960,16.87452,16.87784,0.00,0.00
2012.12.05 16:09:52.202,16.87452,16.87804,0.00,0.00
2012.12.05 16:09:53.113,16.87469,16.87832,0.00,0.00
2012.12.05 16:09:53.420,16.87437,16.87737,0.00,0.00
2012.12.05 16:09:53.561,16.87452,16.87777,0.00,0.00
2012.12.05 16:09:53.621,16.8736,16.8766,0.00,0.00
2012.12.05 16:09:54.190,16.87352,16.87681,0.00,0.00
2012.12.05 16:09:54.267,16.8716,16.8746,0.00,0.00
2012.12.05 16:09:54.542,16.87198,16.87548,0.00,0.00
2012.12.05 16:09:54.802,16.87157,16.8752,0.00,0.00
2012.12.05 16:09:54.952,16.87147,16.87447,0.00,0.00
2012.12.05 16:09:55.420,16.87152,16.87501,0.00,0.00
2012.12.05 16:09:55.660,16.87117,16.87417,0.00,0.00
2012.12.05 16:09:56.459,16.8706,16.8736,0.00,0.00
2012.12.05 16:09:56.521,16.87091,16.87454,0.00,0.00
2012.12.05 16:09:56.580,16.87091,16.8741,0.00,0.00
2012.12.05 16:09:56.731,16.87111,16.87474,0.00,0.00
2012.12.05 16:09:57.061,16.87087,16.87387,0.00,0.00
2012.12.05 16:09:57.222,16.87093,16.87456,0.00,0.00
2012.12.05 16:09:57.782,16.8711,16.87473,0.00,0.00
2012.12.05 16:09:58.277,16.8709,16.87453,0.00,0.00
2012.12.05 16:10:00.050,16.8711,16.87473,0.00,0.00
2012.12.05 16:10:00.404,16.87129,16.8746,0.00,0.00
2012.12.05 16:10:00.531,16.87152,16.87452,0.00,0.00
2012.12.05 16:10:00.591,16.87107,16.87407,0.00,0.00
2012.12.05 16:10:01.001,16.87232,16.8756,0.00,0.00
2012.12.05 16:10:01.132,16.87226,16.87527,0.00,0.00
2012.12.05 16:10:01.191,16.87252,16.87552,0.00,0.00
2012.12.05 16:10:01.251,16.87246,16.87547,0.00,0.00
2012.12.05 16:10:01.792,16.87252,16.87597,0.00,0.00
2012.12.05 16:10:01.980,16.8728,16.87643,0.00,0.00
2012.12.05 16:10:02.251,16.87257,16.8762,0.00,0.00
2012.12.05 16:10:02.314,16.87286,16.87649,0.00,0.00
2012.12.05 16:10:02.690,16.87252,16.87611,0.00,0.00
2012.12.05 16:10:03.002,16.87267,16.8763,0.00,0.00
2012.12.05 16:10:03.421,16.87286,16.87649,0.00,0.00
2012.12.05 16:10:03.480,16.87286,16.8761,0.00,0.00
2012.12.05 16:10:03.590,16.87266,16.87629,0.00,0.00
2012.12.05 16:10:05.492,16.87286,16.87649,0.00,0.00
2012.12.05 16:10:05.671,16.87266,16.87629,0.00,0.00
2012.12.05 16:10:05.790,16.87266,16.87617,0.00,0.00
2012.12.05 16:10:05.850,16.87286,16.87648,0.00,0.00
2012.12.05 16:10:06.179,16.87286,16.87648,0.00,0.00
2012.12.05 16:10:06.431,16.87286,16.87637,0.00,0.00
2012.12.05 16:10:06.491,16.87305,16.87668,0.00,0.00
2012.12.05 16:10:06.811,16.87341,16.87704,0.00,0.00
2012.12.05 16:10:07.200,16.87323,16.87686,0.00,0.00
2012.12.05 16:10:08.212,16.87352,16.87715,0.00,0.00
2012.12.05 16:10:08.709,16.87332,16.87695,0.00,0.00
2012.12.05 16:10:09.070,16.87313,16.87657,0.00,0.00
2012.12.05 16:10:09.311,16.87333,16.87696,0.00,0.00
2012.12.05 16:10:09.720,16.87333,16.87637,0.00,0.00
2012.12.05 16:10:10.182,16.87352,16.87715,0.00,0.00
2012.12.05 16:10:10.390,16.87371,16.87687,0.00,0.00
2012.12.05 16:10:10.700,16.87341,16.87704,0.00,0.00
2012.12.05 16:10:10.820,16.87323,16.87637,0.00,0.00
2012.12.05 16:10:10.951,16.87304,16.87667,0.00,0.00
2012.12.05 16:10:11.438,16.87333,16.87696,0.00,0.00
2012.12.05 16:10:11.750,16.87437,16.87737,0.00,0.00
2012.12.05 16:10:11.940,16.87448,16.87748,0.00,0.00
2012.12.05 16:10:12.590,16.8748,16.8778,0.00,0.00
2012.12.05 16:10:16.710,16.8748,16.8778,0.00,0.00
2012.12.05 16:10:16.771,16.8753,16.8783,0.00,0.00
2012.12.05 16:10:17.127,16.8758,16.8788,0.00,0.00
2012.12.05 16:10:19.619,16.87487,16.87787,0.00,0.00
2012.12.05 16:10:21.050,16.8748,16.87787,0.00,0.00
2012.12.05 16:10:21.111,16.87452,16.87787,0.00,0.00
2012.12.05 16:10:21.882,16.8753,16.8783,0.00,0.00
2012.12.05 16:10:21.965,16.8753,16.8783,0.00,0.00
2012.12.05 16:10:26.913,16.8753,16.8783,0.00,0.00
2012.12.05 16:10:27.103,16.8758,16.8788,0.00,0.00
2012.12.05 16:10:30.011,16.8753,16.8783,0.00,0.00
2012.12.05 16:10:30.547,16.8748,16.87787,0.00,0.00
2012.12.05 16:10:30.613,16.87452,16.87787,0.00,0.00
2012.12.05 16:10:31.410,16.87437,16.87737,0.00,0.00
2012.12.05 16:10:33.399,16.87452,16.87767,0.00,0.00
2012.12.05 16:10:35.502,16.87452,16.87767,0.00,0.00
2012.12.05 16:10:35.561,16.87452,16.87767,0.00,0.00
2012.12.05 16:10:35.872,16.87452,16.87768,0.00,0.00
2012.12.05 16:10:36.042,16.87452,16.87767,0.00,0.00
2012.12.05 16:10:42.089,16.87446,16.87747,0.00,0.00
2012.12.05 16:10:46.148,16.8743,16.87747,0.00,0.00
2012.12.05 16:10:46.211,16.87386,16.8774,0.00,0.00
2012.12.05 16:10:46.391,16.87352,16.87677,0.00,0.00
2012.12.05 16:10:46.520,16.87336,16.87637,0.00,0.00
2012.12.05 16:10:47.285,16.87352,16.87652,0.00,0.00
2012.12.05 16:10:47.590,16.87317,16.87617,0.00,0.00
2012.12.05 16:10:48.073,16.87352,16.87654,0.00,0.00
2012.12.05 16:10:48.396,16.87333,16.87634,0.00,0.00
2012.12.05 16:10:49.322,16.87352,16.87654,0.00,0.00
2012.12.05 16:10:50.249,16.87352,16.87652,0.00,0.00
2012.12.05 16:10:50.789,16.87352,16.87663,0.00,0.00
2012.12.05 16:10:51.390,16.87352,16.87652,0.00,0.00
2012.12.05 16:10:51.511,16.87252,16.87587,0.00,0.00
2012.12.05 16:10:51.571,16.87252,16.87587,0.00,0.00
2012.12.05 16:10:51.731,16.87236,16.87537,0.00,0.00
2012.12.05 16:10:52.300,16.87252,16.87559,0.00,0.00
2012.12.05 16:10:52.421,16.87328,16.87691,0.00,0.00
2012.12.05 16:10:52.481,16.87352,16.87691,0.00,0.00
2012.12.05 16:10:52.701,16.87352,16.87672,0.00,0.00
2012.12.05 16:10:53.004,16.87352,16.87691,0.00,0.00
2012.12.05 16:10:53.379,16.87352,16.87667,0.00,0.00
2012.12.05 16:10:53.502,16.87352,16.8771,0.00,0.00
2012.12.05 16:10:54.368,16.87352,16.8769,0.00,0.00
