2015.04.17 11:00:00.078,12.04818,12.05087,0.00,0.00
2015.04.17 11:00:00.129,12.04768,12.05087,0.00,0.00
2015.04.17 11:00:00.180,12.04768,12.05076,0.00,0.00
2015.04.17 11:00:00.482,12.04968,12.05217,0.00,0.00
2015.04.17 11:00:00.582,12.04969,12.05271,0.00,0.00
2015.04.17 11:00:00.748,12.05118,12.05321,0.00,0.00
2015.04.17 11:00:00.799,12.05118,12.05344,0.00,0.00
2015.04.17 11:00:00.852,12.05118,12.05404,0.00,0.00
2015.04.17 11:00:00.952,12.05061,12.05371,0.00,0.00
2015.04.17 11:00:01.003,12.05068,12.05422,0.00,0.00
2015.04.17 11:00:01.054,12.05068,12.05391,0.00,0.00
2015.04.17 11:00:01.453,12.05068,12.05369,0.00,0.00
2015.04.17 11:00:01.755,12.05068,12.05385,0.00,0.00
2015.04.17 11:00:02.394,12.05068,12.05391,0.00,0.00
2015.04.17 11:00:02.554,12.05119,12.05391,0.00,0.00
2015.04.17 11:00:02.605,12.05129,12.05409,0.00,0.00
2015.04.17 11:00:02.705,12.05125,12.0544,0.00,0.00
2015.04.17 11:00:02.757,12.05118,12.0541,0.00,0.00
2015.04.17 11:00:03.058,12.05118,12.05336,0.00,0.00
2015.04.17 11:00:03.109,12.05068,12.05336,0.00,0.00
2015.04.17 11:00:03.159,12.05068,12.05321,0.00,0.00
2015.04.17 11:00:03.699,12.05068,12.05335,0.00,0.00
2015.04.17 11:00:03.759,12.05068,12.05353,0.00,0.00
2015.04.17 11:00:05.063,12.05068,12.05355,0.00,0.00
2015.04.17 11:00:05.113,12.05118,12.05355,0.00,0.00
2015.04.17 11:00:05.292,12.05068,12.05355,0.00,0.00
2015.04.17 11:00:05.463,12.05068,12.05333,0.00,0.00
2015.04.17 11:00:05.864,12.05068,12.05351,0.00,0.00
2015.04.17 11:00:05.965,12.05068,12.05334,0.00,0.00
2015.04.17 11:00:06.174,12.05068,12.05349,0.00,0.00
2015.04.17 11:00:06.295,12.05068,12.05332,0.00,0.00
2015.04.17 11:00:06.966,12.05068,12.05319,0.00,0.00
2015.04.17 11:00:07.066,12.05068,12.05353,0.00,0.00
2015.04.17 11:00:07.466,12.05068,12.05337,0.00,0.00
2015.04.17 11:00:07.688,12.05068,12.05353,0.00,0.00
2015.04.17 11:00:07.767,12.05068,12.05339,0.00,0.00
2015.04.17 11:00:09.371,12.05118,12.05341,0.00,0.00
2015.04.17 11:00:09.472,12.05118,12.05399,0.00,0.00
2015.04.17 11:00:09.573,12.05118,12.05409,0.00,0.00
2015.04.17 11:00:10.174,12.05068,12.05345,0.00,0.00
2015.04.17 11:00:10.586,12.05062,12.05345,0.00,0.00
2015.04.17 11:00:10.687,12.05062,12.05285,0.00,0.00
2015.04.17 11:00:11.010,12.05062,12.05234,0.00,0.00
2015.04.17 11:00:11.111,12.05062,12.05294,0.00,0.00
2015.04.17 11:00:11.212,12.05018,12.0527,0.00,0.00
2015.04.17 11:00:11.479,12.04968,12.05199,0.00,0.00
2015.04.17 11:00:11.580,12.04868,12.05189,0.00,0.00
2015.04.17 11:00:11.681,12.04868,12.05144,0.00,0.00
2015.04.17 11:00:12.118,12.04868,12.05133,0.00,0.00
2015.04.17 11:00:12.319,12.04868,12.05147,0.00,0.00
2015.04.17 11:00:12.885,12.04829,12.05076,0.00,0.00
2015.04.17 11:00:12.935,12.04818,12.05071,0.00,0.00
2015.04.17 11:00:12.986,12.04818,12.0504,0.00,0.00
2015.04.17 11:00:13.036,12.04768,12.0504,0.00,0.00
2015.04.17 11:00:14.289,12.04768,12.0507,0.00,0.00
2015.04.17 11:00:17.188,12.04741,12.05022,0.00,0.00
2015.04.17 11:00:17.298,12.04695,12.05019,0.00,0.00
2015.04.17 11:00:17.399,12.0467,12.04994,0.00,0.00
2015.04.17 11:00:18.068,12.0467,12.04978,0.00,0.00
2015.04.17 11:00:19.058,12.04671,12.04994,0.00,0.00
2015.04.17 11:00:19.168,12.04769,12.04994,0.00,0.00
2015.04.17 11:00:19.219,12.04769,12.0506,0.00,0.00
2015.04.17 11:00:19.319,12.04768,12.05075,0.00,0.00
2015.04.17 11:00:20.540,12.04768,12.05063,0.00,0.00
2015.04.17 11:00:20.966,12.04768,12.05041,0.00,0.00
2015.04.17 11:00:21.016,12.04768,12.05075,0.00,0.00
2015.04.17 11:00:21.809,12.04768,12.05037,0.00,0.00
2015.04.17 11:00:22.623,12.04768,12.05074,0.00,0.00
2015.04.17 11:00:23.477,12.04829,12.05074,0.00,0.00
2015.04.17 11:00:23.613,12.0483,12.05079,0.00,0.00
2015.04.17 11:00:23.728,12.04829,12.05149,0.00,0.00
2015.04.17 11:00:23.885,12.04868,12.05149,0.00,0.00
2015.04.17 11:00:24.431,12.04868,12.05133,0.00,0.00
2015.04.17 11:00:25.049,12.04868,12.05134,0.00,0.00
2015.04.17 11:00:25.637,12.0483,12.05134,0.00,0.00
2015.04.17 11:00:25.738,12.04819,12.05066,0.00,0.00
2015.04.17 11:00:25.788,12.04769,12.05066,0.00,0.00
2015.04.17 11:00:25.939,12.04769,12.05038,0.00,0.00
2015.04.17 11:00:26.290,12.04769,12.0503,0.00,0.00
2015.04.17 11:00:26.441,12.04668,12.0495,0.00,0.00
2015.04.17 11:00:26.542,12.04668,12.04916,0.00,0.00
2015.04.17 11:00:26.992,12.04668,12.04914,0.00,0.00
2015.04.17 11:00:27.515,12.04632,12.04914,0.00,0.00
2015.04.17 11:00:27.616,12.04632,12.0491,0.00,0.00
2015.04.17 11:00:27.667,12.04618,12.0491,0.00,0.00
2015.04.17 11:00:27.818,12.04618,12.04888,0.00,0.00
2015.04.17 11:00:28.027,12.04618,12.04904,0.00,0.00
2015.04.17 11:00:29.208,12.04618,12.04892,0.00,0.00
2015.04.17 11:00:30.010,12.04618,12.04908,0.00,0.00
2015.04.17 11:00:30.952,12.04586,12.04879,0.00,0.00
2015.04.17 11:00:31.012,12.04581,12.04856,0.00,0.00
2015.04.17 11:00:31.062,12.04568,12.04856,0.00,0.00
2015.04.17 11:00:31.113,12.04568,12.04841,0.00,0.00
2015.04.17 11:00:32.426,12.04568,12.04826,0.00,0.00
2015.04.17 11:00:32.477,12.04541,12.04826,0.00,0.00
2015.04.17 11:00:32.527,12.04541,12.04813,0.00,0.00
2015.04.17 11:00:32.628,12.04519,12.04792,0.00,0.00
2015.04.17 11:00:32.932,12.04519,12.0481,0.00,0.00
2015.04.17 11:00:33.145,12.04519,12.04792,0.00,0.00
2015.04.17 11:00:33.447,12.04568,12.04844,0.00,0.00
2015.04.17 11:00:33.548,12.04568,12.04856,0.00,0.00
2015.04.17 11:00:34.135,12.04568,12.0484,0.00,0.00
2015.04.17 11:00:34.695,12.04568,12.04841,0.00,0.00
2015.04.17 11:00:35.099,12.04531,12.0481,0.00,0.00
2015.04.17 11:00:35.252,12.04519,12.0481,0.00,0.00
2015.04.17 11:00:35.353,12.04519,12.0479,0.00,0.00
2015.04.17 11:00:35.703,12.04568,12.04805,0.00,0.00
2015.04.17 11:00:35.754,12.04568,12.0487,0.00,0.00
2015.04.17 11:00:36.427,12.04568,12.04844,0.00,0.00
2015.04.17 11:00:37.124,12.04568,12.04859,0.00,0.00
2015.04.17 11:00:38.574,12.04568,12.04845,0.00,0.00
2015.04.17 11:00:40.377,12.04518,12.04845,0.00,0.00
2015.04.17 11:00:40.548,12.04518,12.04829,0.00,0.00
2015.04.17 11:00:41.251,12.04518,12.04812,0.00,0.00
2015.04.17 11:00:42.137,12.04568,12.04812,0.00,0.00
2015.04.17 11:00:42.238,12.04568,12.04829,0.00,0.00
2015.04.17 11:00:42.338,12.04568,12.04868,0.00,0.00
2015.04.17 11:00:42.782,12.04568,12.0484,0.00,0.00
2015.04.17 11:00:42.883,12.04568,12.04868,0.00,0.00
2015.04.17 11:00:43.359,12.04618,12.04868,0.00,0.00
2015.04.17 11:00:43.409,12.04618,12.04895,0.00,0.00
2015.04.17 11:00:43.460,12.04618,12.04903,0.00,0.00
2015.04.17 11:00:43.760,12.04619,12.0488,0.00,0.00
2015.04.17 11:00:43.869,12.04619,12.04908,0.00,0.00
2015.04.17 11:00:43.970,12.04619,12.04897,0.00,0.00
2015.04.17 11:00:44.312,12.04619,12.0488,0.00,0.00
2015.04.17 11:00:44.673,12.04619,12.04909,0.00,0.00
2015.04.17 11:00:44.972,12.04619,12.0488,0.00,0.00
2015.04.17 11:00:45.072,12.04619,12.04895,0.00,0.00
2015.04.17 11:00:46.162,12.04619,12.0491,0.00,0.00
2015.04.17 11:00:47.373,12.04619,12.04889,0.00,0.00
2015.04.17 11:00:47.768,12.04619,12.04906,0.00,0.00
2015.04.17 11:00:48.519,12.04582,12.04906,0.00,0.00
2015.04.17 11:00:48.570,12.04568,12.04891,0.00,0.00
2015.04.17 11:00:48.898,12.04568,12.04868,0.00,0.00
2015.04.17 11:00:49.783,12.04568,12.0484,0.00,0.00
2015.04.17 11:00:50.385,12.04568,12.04853,0.00,0.00
2015.04.17 11:00:50.615,12.04618,12.04852,0.00,0.00
2015.04.17 11:00:50.665,12.04618,12.04898,0.00,0.00
2015.04.17 11:00:50.787,12.04618,12.0491,0.00,0.00
2015.04.17 11:00:51.087,12.04618,12.04883,0.00,0.00
2015.04.17 11:00:51.152,12.04618,12.0491,0.00,0.00
2015.04.17 11:00:51.580,12.04618,12.04884,0.00,0.00
2015.04.17 11:00:52.571,12.04618,12.04908,0.00,0.00
2015.04.17 11:00:52.872,12.04618,12.04893,0.00,0.00
2015.04.17 11:00:53.703,12.04618,12.04907,0.00,0.00
2015.04.17 11:00:55.158,12.04618,12.04897,0.00,0.00
2015.04.17 11:00:55.758,12.04618,12.04908,0.00,0.00
2015.04.17 11:00:56.260,12.04618,12.04893,0.00,0.00
2015.04.17 11:00:57.762,12.04618,12.04877,0.00,0.00
2015.04.17 11:00:59.105,12.04618,12.04896,0.00,0.00
2015.04.17 11:01:00.294,12.04618,12.04897,0.00,0.00
2015.04.17 11:01:03.213,12.04618,12.04881,0.00,0.00
2015.04.17 11:01:05.178,12.04618,12.04896,0.00,0.00
2015.04.17 11:01:06.813,12.04618,12.0491,0.00,0.00
2015.04.17 11:01:06.975,12.04618,12.04897,0.00,0.00
2015.04.17 11:01:08.537,12.04573,12.04897,0.00,0.00
2015.04.17 11:01:08.698,12.04568,12.0485,0.00,0.00
2015.04.17 11:01:09.226,12.04568,12.04863,0.00,0.00
2015.04.17 11:01:10.187,12.04568,12.04848,0.00,0.00
2015.04.17 11:01:10.395,12.04568,12.04862,0.00,0.00
2015.04.17 11:01:10.496,12.04568,12.04845,0.00,0.00
2015.04.17 11:01:10.926,12.04568,12.04875,0.00,0.00
2015.04.17 11:01:11.205,12.04568,12.04865,0.00,0.00
2015.04.17 11:01:11.537,12.04619,12.0491,0.00,0.00
2015.04.17 11:01:13.513,12.04586,12.0491,0.00,0.00
2015.04.17 11:01:13.614,12.04568,12.04869,0.00,0.00
2015.04.17 11:01:14.013,12.04568,12.04884,0.00,0.00
2015.04.17 11:01:14.114,12.04576,12.04899,0.00,0.00
2015.04.17 11:01:14.314,12.04568,12.04882,0.00,0.00
2015.04.17 11:01:14.636,12.04568,12.0484,0.00,0.00
2015.04.17 11:01:15.017,12.04568,12.04869,0.00,0.00
2015.04.17 11:01:17.195,12.04568,12.04855,0.00,0.00
2015.04.17 11:01:18.040,12.04568,12.04839,0.00,0.00
2015.04.17 11:01:19.040,12.04568,12.04854,0.00,0.00
2015.04.17 11:01:19.492,12.04629,12.04854,0.00,0.00
2015.04.17 11:01:19.542,12.04644,12.04909,0.00,0.00
2015.04.17 11:01:19.643,12.04679,12.04909,0.00,0.00
2015.04.17 11:01:19.945,12.04719,12.04909,0.00,0.00
2015.04.17 11:01:19.995,12.04719,12.04972,0.00,0.00
2015.04.17 11:01:20.142,12.04719,12.05004,0.00,0.00
2015.04.17 11:01:20.194,12.0473,12.05004,0.00,0.00
2015.04.17 11:01:20.245,12.0473,12.05027,0.00,0.00
2015.04.17 11:01:20.346,12.04769,12.05038,0.00,0.00
2015.04.17 11:01:20.679,12.04729,12.05019,0.00,0.00
2015.04.17 11:01:20.729,12.04718,12.05004,0.00,0.00
2015.04.17 11:01:21.092,12.04718,12.04988,0.00,0.00
2015.04.17 11:01:21.545,12.04718,12.05004,0.00,0.00
2015.04.17 11:01:23.319,12.04718,12.04991,0.00,0.00
2015.04.17 11:01:24.152,12.04718,12.04975,0.00,0.00
2015.04.17 11:01:24.376,12.04668,12.04975,0.00,0.00
2015.04.17 11:01:24.426,12.04668,12.04958,0.00,0.00
2015.04.17 11:01:24.905,12.04668,12.04945,0.00,0.00
2015.04.17 11:01:24.955,12.04668,12.04958,0.00,0.00
2015.04.17 11:01:25.632,12.04668,12.04975,0.00,0.00
2015.04.17 11:01:26.856,12.04668,12.04965,0.00,0.00
2015.04.17 11:01:27.263,12.04668,12.04942,0.00,0.00
2015.04.17 11:01:30.173,12.04668,12.04958,0.00,0.00
2015.04.17 11:01:37.493,12.04668,12.04932,0.00,0.00
2015.04.17 11:01:37.848,12.04618,12.04932,0.00,0.00
2015.04.17 11:01:37.898,12.04618,12.04881,0.00,0.00
2015.04.17 11:01:38.226,12.04618,12.04852,0.00,0.00
2015.04.17 11:01:38.363,12.04618,12.04864,0.00,0.00
2015.04.17 11:01:38.507,12.04618,12.04847,0.00,0.00
2015.04.17 11:01:39.216,12.04618,12.04863,0.00,0.00
2015.04.17 11:01:39.269,12.04618,12.04875,0.00,0.00
2015.04.17 11:01:43.180,12.04618,12.04858,0.00,0.00
2015.04.17 11:01:44.885,12.04618,12.04868,0.00,0.00
2015.04.17 11:01:46.314,12.04569,12.04868,0.00,0.00
2015.04.17 11:01:55.080,12.04669,12.04868,0.00,0.00
2015.04.17 11:01:55.131,12.04669,12.04909,0.00,0.00
2015.04.17 11:01:55.235,12.04669,12.0496,0.00,0.00
2015.04.17 11:01:55.287,12.04718,12.0496,0.00,0.00
2015.04.17 11:01:55.337,12.04718,12.04989,0.00,0.00
2015.04.17 11:01:55.438,12.04718,12.04998,0.00,0.00
2015.04.17 11:01:55.737,12.04718,12.04989,0.00,0.00
2015.04.17 11:01:55.810,12.04718,12.04998,0.00,0.00
2015.04.17 11:01:55.967,12.04718,12.0501,0.00,0.00
2015.04.17 11:01:57.599,12.04769,12.0501,0.00,0.00
2015.04.17 11:01:57.650,12.04769,12.0502,0.00,0.00
2015.04.17 11:01:57.750,12.04769,12.05057,0.00,0.00
2015.04.17 11:01:58.051,12.04769,12.05031,0.00,0.00
2015.04.17 11:01:58.152,12.04769,12.05057,0.00,0.00
2015.04.17 11:01:58.415,12.04769,12.05047,0.00,0.00
2015.04.17 11:01:58.476,12.0473,12.05047,0.00,0.00
2015.04.17 11:01:58.527,12.0473,12.04972,0.00,0.00
2015.04.17 11:01:58.577,12.04721,12.04972,0.00,0.00
2015.04.17 11:01:58.627,12.04718,12.04954,0.00,0.00
2015.04.17 11:01:58.728,12.04669,12.04969,0.00,0.00
2015.04.17 11:01:58.829,12.04669,12.04953,0.00,0.00
2015.04.17 11:01:59.116,12.04669,12.04969,0.00,0.00
2015.04.17 11:02:01.732,12.04669,12.04921,0.00,0.00
2015.04.17 11:02:01.922,12.04669,12.04937,0.00,0.00
2015.04.17 11:02:03.786,12.04718,12.04937,0.00,0.00
2015.04.17 11:02:03.837,12.04718,12.04953,0.00,0.00
2015.04.17 11:02:03.937,12.04718,12.04996,0.00,0.00
2015.04.17 11:02:04.418,12.04674,12.04996,0.00,0.00
2015.04.17 11:02:04.469,12.04668,12.04935,0.00,0.00
2015.04.17 11:02:04.932,12.04668,12.04915,0.00,0.00
2015.04.17 11:02:05.128,12.04668,12.04933,0.00,0.00
2015.04.17 11:02:05.830,12.04668,12.04947,0.00,0.00
2015.04.17 11:02:06.130,12.04668,12.04932,0.00,0.00
2015.04.17 11:02:07.293,12.04611,12.04922,0.00,0.00
2015.04.17 11:02:07.344,12.04611,12.04898,0.00,0.00
2015.04.17 11:02:07.445,12.04587,12.04898,0.00,0.00
2015.04.17 11:02:07.546,12.04618,12.04874,0.00,0.00
2015.04.17 11:02:07.944,12.04618,12.04898,0.00,0.00
2015.04.17 11:02:08.564,12.04618,12.04899,0.00,0.00
2015.04.17 11:02:09.050,12.04618,12.04885,0.00,0.00
2015.04.17 11:02:09.651,12.04618,12.04901,0.00,0.00
2015.04.17 11:02:09.752,12.04618,12.04884,0.00,0.00
2015.04.17 11:02:14.598,12.04618,12.0491,0.00,0.00
2015.04.17 11:02:16.316,12.04718,12.0491,0.00,0.00
2015.04.17 11:02:16.366,12.04718,12.04959,0.00,0.00
2015.04.17 11:02:16.467,12.04718,12.04984,0.00,0.00
2015.04.17 11:02:18.272,12.04718,12.04975,0.00,0.00
2015.04.17 11:02:18.498,12.04718,12.0499,0.00,0.00
2015.04.17 11:02:18.608,12.04668,12.0499,0.00,0.00
2015.04.17 11:02:18.709,12.04668,12.0496,0.00,0.00
2015.04.17 11:02:19.113,12.04668,12.04919,0.00,0.00
2015.04.17 11:02:24.080,12.04668,12.04918,0.00,0.00
2015.04.17 11:02:25.284,12.04668,12.04935,0.00,0.00
2015.04.17 11:02:25.385,12.04668,12.04959,0.00,0.00
2015.04.17 11:02:25.486,12.04619,12.0492,0.00,0.00
2015.04.17 11:02:25.625,12.04619,12.04905,0.00,0.00
2015.04.17 11:02:25.680,12.04619,12.04919,0.00,0.00
2015.04.17 11:02:25.783,12.04619,12.04939,0.00,0.00
2015.04.17 11:02:26.315,12.04669,12.04915,0.00,0.00
2015.04.17 11:02:26.567,12.04618,12.04891,0.00,0.00
2015.04.17 11:02:27.196,12.04618,12.04899,0.00,0.00
2015.04.17 11:02:27.742,12.04618,12.04915,0.00,0.00
2015.04.17 11:02:29.504,12.04618,12.04899,0.00,0.00
2015.04.17 11:02:31.244,12.04618,12.04882,0.00,0.00
2015.04.17 11:02:32.313,12.04618,12.04897,0.00,0.00
2015.04.17 11:02:32.949,12.04618,12.04898,0.00,0.00
2015.04.17 11:02:33.622,12.04618,12.04889,0.00,0.00
2015.04.17 11:02:34.775,12.04572,12.04889,0.00,0.00
2015.04.17 11:02:34.826,12.04572,12.04875,0.00,0.00
2015.04.17 11:02:35.128,12.04669,12.04899,0.00,0.00
2015.04.17 11:02:35.505,12.04669,12.0493,0.00,0.00
2015.04.17 11:02:36.170,12.04669,12.04905,0.00,0.00
2015.04.17 11:02:36.471,12.04669,12.04869,0.00,0.00
2015.04.17 11:02:36.832,12.04669,12.04879,0.00,0.00
2015.04.17 11:02:40.314,12.04569,12.04879,0.00,0.00
2015.04.17 11:02:40.365,12.04569,12.04829,0.00,0.00
2015.04.17 11:02:43.068,12.04529,12.04829,0.00,0.00
2015.04.17 11:02:43.169,12.04529,12.0482,0.00,0.00
2015.04.17 11:02:44.146,12.04529,12.04792,0.00,0.00
2015.04.17 11:02:44.197,12.04481,12.04781,0.00,0.00
2015.04.17 11:02:44.298,12.04431,12.04741,0.00,0.00
2015.04.17 11:02:44.348,12.04429,12.0472,0.00,0.00
2015.04.17 11:02:45.107,12.04412,12.04701,0.00,0.00
2015.04.17 11:02:45.420,12.04412,12.04621,0.00,0.00
2015.04.17 11:02:45.671,12.04412,12.04638,0.00,0.00
2015.04.17 11:02:45.772,12.04412,12.04641,0.00,0.00
2015.04.17 11:02:45.827,12.04331,12.04641,0.00,0.00
2015.04.17 11:02:46.062,12.04329,12.0462,0.00,0.00
2015.04.17 11:02:46.363,12.04311,12.04538,0.00,0.00
2015.04.17 11:02:46.485,12.04268,12.04538,0.00,0.00
2015.04.17 11:02:46.656,12.04268,12.04567,0.00,0.00
2015.04.17 11:02:46.982,12.04268,12.04534,0.00,0.00
2015.04.17 11:02:47.083,12.04268,12.04565,0.00,0.00
2015.04.17 11:02:48.463,12.0423,12.04548,0.00,0.00
2015.04.17 11:02:48.514,12.04226,12.0451,0.00,0.00
2015.04.17 11:02:48.765,12.04129,12.04453,0.00,0.00
2015.04.17 11:02:48.866,12.04169,12.04453,0.00,0.00
2015.04.17 11:02:48.967,12.04169,12.04469,0.00,0.00
2015.04.17 11:02:49.298,12.04218,12.04469,0.00,0.00
2015.04.17 11:02:49.399,12.04218,12.04518,0.00,0.00
2015.04.17 11:02:49.600,12.04219,12.04488,0.00,0.00
2015.04.17 11:02:49.919,12.04219,12.04453,0.00,0.00
2015.04.17 11:02:50.512,12.04263,12.04453,0.00,0.00
2015.04.17 11:02:50.680,12.04263,12.04502,0.00,0.00
2015.04.17 11:02:50.730,12.04313,12.04502,0.00,0.00
2015.04.17 11:02:50.916,12.04324,12.04578,0.00,0.00
2015.04.17 11:02:51.016,12.04318,12.04552,0.00,0.00
2015.04.17 11:02:51.325,12.04364,12.04602,0.00,0.00
2015.04.17 11:02:51.607,12.04329,12.04602,0.00,0.00
2015.04.17 11:02:51.758,12.04363,12.04603,0.00,0.00
2015.04.17 11:02:52.078,12.04329,12.04597,0.00,0.00
2015.04.17 11:02:52.128,12.04364,12.04597,0.00,0.00
2015.04.17 11:02:52.179,12.04413,12.04652,0.00,0.00
2015.04.17 11:02:53.295,12.04463,12.04666,0.00,0.00
2015.04.17 11:02:53.396,12.04484,12.04733,0.00,0.00
2015.04.17 11:02:53.497,12.04469,12.04733,0.00,0.00
2015.04.17 11:02:53.696,12.04513,12.04733,0.00,0.00
2015.04.17 11:02:53.797,12.04513,12.04753,0.00,0.00
2015.04.17 11:02:54.019,12.04513,12.04717,0.00,0.00
2015.04.17 11:02:54.069,12.04469,12.04717,0.00,0.00
2015.04.17 11:02:55.155,12.04462,12.04717,0.00,0.00
2015.04.17 11:02:55.205,12.04462,12.04694,0.00,0.00
2015.04.17 11:02:55.507,12.04418,12.04654,0.00,0.00
2015.04.17 11:02:55.608,12.04369,12.04654,0.00,0.00
2015.04.17 11:02:55.708,12.04464,12.04654,0.00,0.00
2015.04.17 11:02:55.809,12.04464,12.04667,0.00,0.00
2015.04.17 11:02:55.910,12.04469,12.04684,0.00,0.00
2015.04.17 11:02:56.195,12.04469,12.04698,0.00,0.00
2015.04.17 11:02:56.804,12.04568,12.04698,0.00,0.00
2015.04.17 11:02:56.905,12.0449,12.04742,0.00,0.00
2015.04.17 11:02:56.956,12.04468,12.04742,0.00,0.00
2015.04.17 11:02:57.006,12.04461,12.04687,0.00,0.00
2015.04.17 11:02:57.157,12.04419,12.04653,0.00,0.00
2015.04.17 11:02:58.126,12.04368,12.04653,0.00,0.00
2015.04.17 11:02:58.226,12.04368,12.04632,0.00,0.00
2015.04.17 11:02:58.549,12.04368,12.04618,0.00,0.00
2015.04.17 11:03:03.314,12.04362,12.04593,0.00,0.00
2015.04.17 11:03:03.465,12.04268,12.04548,0.00,0.00
2015.04.17 11:03:03.635,12.04268,12.04503,0.00,0.00
2015.04.17 11:03:05.135,12.04368,12.04503,0.00,0.00
2015.04.17 11:03:05.235,12.04368,12.04573,0.00,0.00
2015.04.17 11:03:05.336,12.04368,12.04602,0.00,0.00
2015.04.17 11:03:10.932,12.04368,12.04537,0.00,0.00
2015.04.17 11:03:11.291,12.04262,12.04453,0.00,0.00
2015.04.17 11:03:11.434,12.04262,12.04453,0.00,0.00
2015.04.17 11:03:11.535,12.04169,12.04417,0.00,0.00
2015.04.17 11:03:12.506,12.04218,12.04417,0.00,0.00
2015.04.17 11:03:12.557,12.04218,12.04436,0.00,0.00
2015.04.17 11:03:12.663,12.04218,12.04468,0.00,0.00
2015.04.17 11:03:13.015,12.04218,12.04454,0.00,0.00
2015.04.17 11:03:14.386,12.04268,12.04454,0.00,0.00
2015.04.17 11:03:14.439,12.04268,12.04488,0.00,0.00
2015.04.17 11:03:14.489,12.04318,12.04488,0.00,0.00
2015.04.17 11:03:14.540,12.04318,12.04544,0.00,0.00
2015.04.17 11:03:14.814,12.04269,12.04544,0.00,0.00
2015.04.17 11:03:14.919,12.04269,12.04504,0.00,0.00
2015.04.17 11:03:15.805,12.04319,12.04504,0.00,0.00
2015.04.17 11:03:15.956,12.04319,12.04558,0.00,0.00
2015.04.17 11:03:19.105,12.04269,12.04558,0.00,0.00
2015.04.17 11:03:19.259,12.04262,12.0449,0.00,0.00
2015.04.17 11:03:19.593,12.04262,12.04463,0.00,0.00
2015.04.17 11:03:19.644,12.04262,12.04479,0.00,0.00
2015.04.17 11:03:19.859,12.04262,12.04462,0.00,0.00
2015.04.17 11:03:20.062,12.04168,12.04477,0.00,0.00
2015.04.17 11:03:20.163,12.04168,12.04423,0.00,0.00
2015.04.17 11:03:22.136,12.04168,12.0445,0.00,0.00
2015.04.17 11:03:22.236,12.04168,12.04435,0.00,0.00
2015.04.17 11:03:23.338,12.04168,12.04447,0.00,0.00
2015.04.17 11:03:23.439,12.04168,12.04412,0.00,0.00
2015.04.17 11:03:23.775,12.04168,12.04401,0.00,0.00
2015.04.17 11:03:24.369,12.04168,12.04416,0.00,0.00
2015.04.17 11:03:24.470,12.04168,12.04429,0.00,0.00
2015.04.17 11:03:26.874,12.04168,12.04458,0.00,0.00
2015.04.17 11:03:27.146,12.04168,12.04446,0.00,0.00
2015.04.17 11:03:28.571,12.04168,12.04421,0.00,0.00
2015.04.17 11:03:28.893,12.04268,12.04519,0.00,0.00
2015.04.17 11:03:28.994,12.04268,12.04545,0.00,0.00
2015.04.17 11:03:29.581,12.04268,12.04521,0.00,0.00
2015.04.17 11:03:32.355,12.04172,12.04521,0.00,0.00
2015.04.17 11:03:32.405,12.04168,12.0445,0.00,0.00
2015.04.17 11:03:32.739,12.04219,12.04471,0.00,0.00
2015.04.17 11:03:33.061,12.04219,12.04483,0.00,0.00
2015.04.17 11:03:34.093,12.04219,12.04456,0.00,0.00
2015.04.17 11:03:34.944,12.0414,12.04421,0.00,0.00
2015.04.17 11:03:35.049,12.04131,12.04421,0.00,0.00
2015.04.17 11:03:35.099,12.04169,12.04401,0.00,0.00
2015.04.17 11:03:35.365,12.04169,12.04428,0.00,0.00
2015.04.17 11:03:35.467,12.04169,12.04396,0.00,0.00
2015.04.17 11:03:35.769,12.04169,12.04414,0.00,0.00
2015.04.17 11:03:37.000,12.04169,12.0442,0.00,0.00
2015.04.17 11:03:38.912,12.04169,12.04434,0.00,0.00
2015.04.17 11:03:39.189,12.04169,12.04422,0.00,0.00
2015.04.17 11:03:39.510,12.04169,12.04401,0.00,0.00
2015.04.17 11:03:42.211,12.04169,12.0441,0.00,0.00
2015.04.17 11:03:44.667,12.04119,12.0441,0.00,0.00
2015.04.17 11:03:44.717,12.04119,12.04396,0.00,0.00
2015.04.17 11:03:44.869,12.04068,12.04373,0.00,0.00
2015.04.17 11:03:44.919,12.04068,12.04335,0.00,0.00
2015.04.17 11:03:44.970,12.04011,12.04321,0.00,0.00
2015.04.17 11:03:45.020,12.03969,12.04262,0.00,0.00
2015.04.17 11:03:45.496,12.03969,12.04266,0.00,0.00
2015.04.17 11:03:45.909,12.03969,12.04276,0.00,0.00
2015.04.17 11:03:46.087,12.03969,12.04264,0.00,0.00
2015.04.17 11:03:46.721,12.03969,12.04276,0.00,0.00
2015.04.17 11:03:46.971,12.04062,12.04276,0.00,0.00
2015.04.17 11:03:47.022,12.04062,12.04311,0.00,0.00
2015.04.17 11:03:47.072,12.04091,12.04311,0.00,0.00
2015.04.17 11:03:47.123,12.04091,12.04361,0.00,0.00
2015.04.17 11:03:47.591,12.04091,12.04379,0.00,0.00
2015.04.17 11:03:47.818,12.04118,12.04379,0.00,0.00
2015.04.17 11:03:47.919,12.04118,12.04404,0.00,0.00
2015.04.17 11:03:48.019,12.04118,12.04395,0.00,0.00
2015.04.17 11:03:48.070,12.04082,12.04395,0.00,0.00
2015.04.17 11:03:49.366,12.04082,12.04371,0.00,0.00
2015.04.17 11:03:49.517,12.04061,12.04365,0.00,0.00
2015.04.17 11:03:49.629,12.04061,12.04348,0.00,0.00
2015.04.17 11:03:49.730,12.04061,12.0436,0.00,0.00
2015.04.17 11:03:49.797,12.04061,12.04347,0.00,0.00
2015.04.17 11:03:50.145,12.04025,12.04347,0.00,0.00
2015.04.17 11:03:50.198,12.04037,12.04359,0.00,0.00
2015.04.17 11:03:50.436,12.04023,12.04347,0.00,0.00
2015.04.17 11:03:50.643,12.04036,12.0436,0.00,0.00
2015.04.17 11:03:51.444,12.04069,12.0436,0.00,0.00
2015.04.17 11:03:51.545,12.04069,12.04374,0.00,0.00
2015.04.17 11:03:51.646,12.04071,12.04395,0.00,0.00
2015.04.17 11:03:52.033,12.04068,12.04371,0.00,0.00
2015.04.17 11:03:52.152,12.04071,12.04395,0.00,0.00
2015.04.17 11:03:54.985,12.04118,12.04395,0.00,0.00
2015.04.17 11:03:55.036,12.04118,12.0443,0.00,0.00
2015.04.17 11:03:55.735,12.04168,12.0443,0.00,0.00
2015.04.17 11:03:55.835,12.04168,12.04476,0.00,0.00
2015.04.17 11:03:56.131,12.04168,12.04462,0.00,0.00
2015.04.17 11:03:56.822,12.04168,12.04463,0.00,0.00
2015.04.17 11:03:57.123,12.04168,12.04461,0.00,0.00
2015.04.17 11:03:57.424,12.04168,12.04447,0.00,0.00
2015.04.17 11:03:57.758,12.04168,12.0448,0.00,0.00
2015.04.17 11:03:57.810,12.04218,12.0448,0.00,0.00
2015.04.17 11:03:57.860,12.04168,12.0448,0.00,0.00
2015.04.17 11:03:58.079,12.04168,12.0446,0.00,0.00
2015.04.17 11:03:58.180,12.04168,12.0449,0.00,0.00
2015.04.17 11:03:58.280,12.04168,12.04477,0.00,0.00
2015.04.17 11:03:58.336,12.04168,12.04491,0.00,0.00
2015.04.17 11:03:59.186,12.04168,12.04478,0.00,0.00
2015.04.17 11:03:59.550,12.04168,12.04491,0.00,0.00
2015.04.17 11:04:01.442,12.04168,12.04459,0.00,0.00
2015.04.17 11:04:02.951,12.04168,12.04468,0.00,0.00
2015.04.17 11:04:04.448,12.04168,12.04483,0.00,0.00
2015.04.17 11:04:05.414,12.04268,12.04483,0.00,0.00
2015.04.17 11:04:05.465,12.04268,12.04495,0.00,0.00
2015.04.17 11:04:05.566,12.04261,12.04471,0.00,0.00
2015.04.17 11:04:05.666,12.04261,12.04496,0.00,0.00
2015.04.17 11:04:05.963,12.04261,12.04471,0.00,0.00
2015.04.17 11:04:06.094,12.04168,12.04471,0.00,0.00
2015.04.17 11:04:06.470,12.04198,12.0452,0.00,0.00
2015.04.17 11:04:07.178,12.04184,12.04508,0.00,0.00
2015.04.17 11:04:09.721,12.04229,12.04508,0.00,0.00
2015.04.17 11:04:09.771,12.04251,12.04571,0.00,0.00
2015.04.17 11:04:09.972,12.04268,12.04586,0.00,0.00
2015.04.17 11:04:10.429,12.04268,12.04559,0.00,0.00
2015.04.17 11:04:10.773,12.04268,12.04591,0.00,0.00
2015.04.17 11:04:10.874,12.04287,12.04611,0.00,0.00
2015.04.17 11:04:10.975,12.04272,12.04596,0.00,0.00
2015.04.17 11:04:11.418,12.04268,12.04586,0.00,0.00
2015.04.17 11:04:12.134,12.04319,12.04586,0.00,0.00
2015.04.17 11:04:12.185,12.04319,12.04614,0.00,0.00
2015.04.17 11:04:12.476,12.04319,12.04591,0.00,0.00
2015.04.17 11:04:13.169,12.04319,12.04614,0.00,0.00
2015.04.17 11:04:13.270,12.04319,12.04599,0.00,0.00
2015.04.17 11:04:13.979,12.04319,12.04614,0.00,0.00
2015.04.17 11:04:15.583,12.04319,12.04603,0.00,0.00
2015.04.17 11:04:15.759,12.04279,12.04603,0.00,0.00
2015.04.17 11:04:15.810,12.04269,12.04593,0.00,0.00
2015.04.17 11:04:16.232,12.04269,12.04565,0.00,0.00
2015.04.17 11:04:16.283,12.04269,12.0459,0.00,0.00
2015.04.17 11:04:16.751,12.04318,12.0459,0.00,0.00
2015.04.17 11:04:16.801,12.04318,12.04615,0.00,0.00
2015.04.17 11:04:16.902,12.04318,12.0463,0.00,0.00
2015.04.17 11:04:17.185,12.04269,12.04556,0.00,0.00
2015.04.17 11:04:17.586,12.04283,12.04607,0.00,0.00
2015.04.17 11:04:20.494,12.04318,12.04607,0.00,0.00
2015.04.17 11:04:20.595,12.04318,12.04617,0.00,0.00
2015.04.17 11:04:21.597,12.04368,12.04617,0.00,0.00
2015.04.17 11:04:21.980,12.04361,12.04598,0.00,0.00
2015.04.17 11:04:22.301,12.04269,12.0454,0.00,0.00
2015.04.17 11:04:22.402,12.04269,12.04525,0.00,0.00
2015.04.17 11:04:25.913,12.04269,12.04546,0.00,0.00
2015.04.17 11:04:30.439,12.04269,12.04569,0.00,0.00
2015.04.17 11:04:30.540,12.04269,12.04584,0.00,0.00
2015.04.17 11:04:30.740,12.04269,12.04559,0.00,0.00
2015.04.17 11:04:31.171,12.04269,12.0454,0.00,0.00
2015.04.17 11:04:32.431,12.04269,12.04549,0.00,0.00
2015.04.17 11:04:32.850,12.04269,12.04568,0.00,0.00
2015.04.17 11:04:35.706,12.04269,12.04544,0.00,0.00
2015.04.17 11:04:36.103,12.04262,12.04544,0.00,0.00
2015.04.17 11:04:36.225,12.04201,12.04494,0.00,0.00
2015.04.17 11:04:36.326,12.04169,12.04468,0.00,0.00
2015.04.17 11:04:36.507,12.04169,12.04483,0.00,0.00
2015.04.17 11:04:36.732,12.04169,12.04468,0.00,0.00
2015.04.17 11:04:37.208,12.04169,12.0449,0.00,0.00
2015.04.17 11:04:39.012,12.04169,12.0448,0.00,0.00
2015.04.17 11:04:39.213,12.04242,12.04566,0.00,0.00
2015.04.17 11:04:39.313,12.04268,12.04566,0.00,0.00
2015.04.17 11:04:39.851,12.04268,12.04561,0.00,0.00
2015.04.17 11:04:40.831,12.04268,12.04543,0.00,0.00
2015.04.17 11:04:41.552,12.04268,12.04565,0.00,0.00
2015.04.17 11:04:42.719,12.04268,12.04541,0.00,0.00
2015.04.17 11:04:42.820,12.04268,12.04557,0.00,0.00
2015.04.17 11:04:42.921,12.04268,12.04571,0.00,0.00
2015.04.17 11:04:43.022,12.04268,12.04581,0.00,0.00
2015.04.17 11:04:43.865,12.04268,12.04571,0.00,0.00
2015.04.17 11:04:44.173,12.04268,12.04553,0.00,0.00
2015.04.17 11:04:45.553,12.04268,12.04535,0.00,0.00
2015.04.17 11:04:45.926,12.04268,12.04547,0.00,0.00
2015.04.17 11:04:46.456,12.04268,12.04536,0.00,0.00
2015.04.17 11:04:47.859,12.04268,12.04569,0.00,0.00
2015.04.17 11:04:48.030,12.04268,12.04554,0.00,0.00
2015.04.17 11:04:48.676,12.04268,12.0457,0.00,0.00
2015.04.17 11:04:49.532,12.04268,12.04556,0.00,0.00
2015.04.17 11:04:50.414,12.04318,12.04556,0.00,0.00
2015.04.17 11:04:50.465,12.04318,12.04598,0.00,0.00
2015.04.17 11:04:50.571,12.04318,12.04617,0.00,0.00
2015.04.17 11:04:50.835,12.04318,12.04602,0.00,0.00
2015.04.17 11:04:50.936,12.04318,12.04619,0.00,0.00
2015.04.17 11:04:51.266,12.04318,12.04603,0.00,0.00
2015.04.17 11:04:51.637,12.04318,12.04618,0.00,0.00
2015.04.17 11:04:51.838,12.04318,12.04603,0.00,0.00
2015.04.17 11:04:58.080,12.04318,12.04619,0.00,0.00
2015.04.17 11:04:58.280,12.04318,12.04604,0.00,0.00
2015.04.17 11:04:59.132,12.04368,12.04604,0.00,0.00
2015.04.17 11:04:59.182,12.04368,12.04662,0.00,0.00
2015.04.17 11:04:59.400,12.04368,12.04636,0.00,0.00
2015.04.17 11:04:59.551,12.04322,12.04626,0.00,0.00
2015.04.17 11:04:59.601,12.04329,12.04626,0.00,0.00
2015.04.17 11:04:59.652,12.04369,12.04674,0.00,0.00
2015.04.17 11:04:59.884,12.04369,12.0465,0.00,0.00
2015.04.17 11:05:00.185,12.04369,12.04654,0.00,0.00
2015.04.17 11:05:00.485,12.04369,12.04635,0.00,0.00
2015.04.17 11:05:00.586,12.04369,12.04656,0.00,0.00
2015.04.17 11:05:00.787,12.04369,12.04639,0.00,0.00
2015.04.17 11:05:01.287,12.04369,12.04664,0.00,0.00
2015.04.17 11:05:02.198,12.04369,12.04651,0.00,0.00
2015.04.17 11:05:03.804,12.04369,12.04663,0.00,0.00
2015.04.17 11:05:04.116,12.04369,12.04653,0.00,0.00
2015.04.17 11:05:04.167,12.04369,12.04669,0.00,0.00
2015.04.17 11:05:04.378,12.04369,12.04652,0.00,0.00
2015.04.17 11:05:04.509,12.04369,12.04668,0.00,0.00
2015.04.17 11:05:06.206,12.04369,12.04681,0.00,0.00
2015.04.17 11:05:07.418,12.04369,12.04667,0.00,0.00
2015.04.17 11:05:10.077,12.04369,12.04648,0.00,0.00
2015.04.17 11:05:10.477,12.04369,12.0467,0.00,0.00
2015.04.17 11:05:11.379,12.04369,12.04658,0.00,0.00
2015.04.17 11:05:11.748,12.04418,12.04658,0.00,0.00
2015.04.17 11:05:11.858,12.04368,12.04658,0.00,0.00
2015.04.17 11:05:11.909,12.04407,12.04722,0.00,0.00
2015.04.17 11:05:11.980,12.04392,12.04716,0.00,0.00
2015.04.17 11:05:12.080,12.04419,12.04731,0.00,0.00
2015.04.17 11:05:13.182,12.04419,12.04719,0.00,0.00
2015.04.17 11:05:13.521,12.04419,12.04704,0.00,0.00
2015.04.17 11:05:13.772,12.0438,12.04699,0.00,0.00
2015.04.17 11:05:13.822,12.04371,12.04686,0.00,0.00
2015.04.17 11:05:13.873,12.04369,12.04686,0.00,0.00
2015.04.17 11:05:13.923,12.04369,12.04671,0.00,0.00
2015.04.17 11:05:14.949,12.04418,12.04671,0.00,0.00
2015.04.17 11:05:15.000,12.04418,12.04727,0.00,0.00
2015.04.17 11:05:16.027,12.04418,12.04715,0.00,0.00
2015.04.17 11:05:16.588,12.04427,12.04751,0.00,0.00
2015.04.17 11:05:16.638,12.04468,12.04751,0.00,0.00
2015.04.17 11:05:16.689,12.04468,12.04766,0.00,0.00
2015.04.17 11:05:17.007,12.04468,12.04754,0.00,0.00
2015.04.17 11:05:17.088,12.04468,12.04769,0.00,0.00
2015.04.17 11:05:18.526,12.04468,12.04754,0.00,0.00
2015.04.17 11:05:18.636,12.04468,12.04768,0.00,0.00
2015.04.17 11:05:18.906,12.04468,12.04753,0.00,0.00
2015.04.17 11:05:19.598,12.04468,12.04741,0.00,0.00
2015.04.17 11:05:19.699,12.04468,12.04762,0.00,0.00
2015.04.17 11:05:20.301,12.04468,12.04745,0.00,0.00
2015.04.17 11:05:23.740,12.04429,12.04745,0.00,0.00
2015.04.17 11:05:23.841,12.04418,12.04726,0.00,0.00
2015.04.17 11:05:24.143,12.04419,12.04709,0.00,0.00
2015.04.17 11:05:24.412,12.04419,12.04712,0.00,0.00
2015.04.17 11:05:25.459,12.04419,12.04697,0.00,0.00
2015.04.17 11:05:29.810,12.04373,12.04697,0.00,0.00
2015.04.17 11:05:29.860,12.04369,12.0467,0.00,0.00
2015.04.17 11:05:30.362,12.04369,12.04656,0.00,0.00
2015.04.17 11:05:32.208,12.04459,12.04656,0.00,0.00
2015.04.17 11:05:35.750,12.04408,12.04636,0.00,0.00
2015.04.17 11:05:35.850,12.04408,12.0458,0.00,0.00
2015.04.17 11:05:36.063,12.04258,12.04541,0.00,0.00
2015.04.17 11:05:36.164,12.04258,12.04493,0.00,0.00
2015.04.17 11:05:36.502,12.04258,12.0446,0.00,0.00
2015.04.17 11:05:36.553,12.04258,12.04474,0.00,0.00
2015.04.17 11:05:36.654,12.04258,12.04495,0.00,0.00
2015.04.17 11:05:36.755,12.04258,12.04483,0.00,0.00
2015.04.17 11:05:38.375,12.04258,12.04495,0.00,0.00
2015.04.17 11:05:39.261,12.04258,12.04484,0.00,0.00
2015.04.17 11:05:39.613,12.04308,12.04531,0.00,0.00
2015.04.17 11:05:39.991,12.04359,12.04561,0.00,0.00
2015.04.17 11:05:41.293,12.04359,12.04604,0.00,0.00
2015.04.17 11:05:41.394,12.04359,12.04615,0.00,0.00
2015.04.17 11:05:41.562,12.04359,12.04599,0.00,0.00
2015.04.17 11:05:41.801,12.04359,12.04615,0.00,0.00
2015.04.17 11:05:42.063,12.04359,12.046,0.00,0.00
2015.04.17 11:05:45.477,12.04359,12.04616,0.00,0.00
2015.04.17 11:05:47.303,12.04359,12.04592,0.00,0.00
2015.04.17 11:05:47.587,12.04359,12.04607,0.00,0.00
2015.04.17 11:05:48.074,12.04359,12.04591,0.00,0.00
2015.04.17 11:05:48.975,12.04359,12.04615,0.00,0.00
2015.04.17 11:05:49.191,12.04359,12.04598,0.00,0.00
2015.04.17 11:05:50.897,12.04359,12.04576,0.00,0.00
2015.04.17 11:05:50.947,12.04309,12.04576,0.00,0.00
2015.04.17 11:05:50.998,12.04309,12.0453,0.00,0.00
2015.04.17 11:05:51.282,12.04309,12.0454,0.00,0.00
2015.04.17 11:05:51.383,12.04299,12.04499,0.00,0.00
2015.04.17 11:05:51.998,12.04299,12.04531,0.00,0.00
2015.04.17 11:05:52.500,12.04299,12.04504,0.00,0.00
2015.04.17 11:05:53.904,12.04289,12.04504,0.00,0.00
2015.04.17 11:05:54.103,12.04289,12.04517,0.00,0.00
2015.04.17 11:05:54.978,12.04339,12.04517,0.00,0.00
2015.04.17 11:05:55.028,12.04339,12.04561,0.00,0.00
2015.04.17 11:05:55.088,12.04388,12.04561,0.00,0.00
2015.04.17 11:05:55.138,12.04388,12.0457,0.00,0.00
2015.04.17 11:05:55.239,12.04389,12.04599,0.00,0.00
2015.04.17 11:05:55.807,12.04389,12.04617,0.00,0.00
2015.04.17 11:05:56.008,12.04389,12.0462,0.00,0.00
2015.04.17 11:05:56.195,12.04389,12.04605,0.00,0.00
2015.04.17 11:05:56.620,12.04389,12.0459,0.00,0.00
2015.04.17 11:05:56.670,12.04339,12.0459,0.00,0.00
2015.04.17 11:05:56.721,12.04339,12.04556,0.00,0.00
2015.04.17 11:05:58.907,12.04339,12.04598,0.00,0.00
2015.04.17 11:05:59.008,12.04339,12.04583,0.00,0.00
2015.04.17 11:05:59.319,12.04389,12.04541,0.00,0.00
2015.04.17 11:05:59.420,12.04389,12.0461,0.00,0.00
2015.04.17 11:06:00.417,12.04338,12.0458,0.00,0.00
2015.04.17 11:06:01.279,12.04388,12.0458,0.00,0.00
2015.04.17 11:06:01.330,12.04388,12.04604,0.00,0.00
2015.04.17 11:06:01.431,12.04388,12.04614,0.00,0.00
2015.04.17 11:06:02.466,12.04438,12.04614,0.00,0.00
2015.04.17 11:06:02.517,12.04438,12.04646,0.00,0.00
2015.04.17 11:06:02.618,12.04438,12.04657,0.00,0.00
2015.04.17 11:06:02.818,12.04438,12.0464,0.00,0.00
2015.04.17 11:06:04.815,12.04438,12.04654,0.00,0.00
2015.04.17 11:06:05.521,12.04438,12.0464,0.00,0.00
2015.04.17 11:06:05.829,12.04438,12.04626,0.00,0.00
2015.04.17 11:06:05.879,12.04388,12.04626,0.00,0.00
2015.04.17 11:06:06.030,12.04388,12.04591,0.00,0.00
2015.04.17 11:06:06.814,12.04388,12.04618,0.00,0.00
2015.04.17 11:06:07.518,12.04439,12.04635,0.00,0.00
2015.04.17 11:06:07.717,12.04439,12.04646,0.00,0.00
2015.04.17 11:06:07.818,12.04439,12.04626,0.00,0.00
2015.04.17 11:06:10.422,12.04439,12.0465,0.00,0.00
2015.04.17 11:06:10.842,12.04439,12.04626,0.00,0.00
2015.04.17 11:06:11.726,12.04439,12.04641,0.00,0.00
2015.04.17 11:06:11.845,12.04439,12.04657,0.00,0.00
2015.04.17 11:06:11.945,12.04439,12.04642,0.00,0.00
2015.04.17 11:06:12.346,12.04439,12.0463,0.00,0.00
2015.04.17 11:06:12.737,12.04439,12.04656,0.00,0.00
2015.04.17 11:06:13.348,12.04388,12.04629,0.00,0.00
2015.04.17 11:06:13.549,12.04388,12.0459,0.00,0.00
2015.04.17 11:06:13.727,12.04339,12.0459,0.00,0.00
2015.04.17 11:06:13.777,12.04339,12.04551,0.00,0.00
2015.04.17 11:06:14.150,12.04339,12.0456,0.00,0.00
2015.04.17 11:06:15.152,12.04339,12.04574,0.00,0.00
2015.04.17 11:06:15.253,12.04339,12.04559,0.00,0.00
2015.04.17 11:06:21.489,12.04339,12.0458,0.00,0.00
2015.04.17 11:06:21.589,12.04339,12.0463,0.00,0.00
2015.04.17 11:06:21.640,12.04389,12.0463,0.00,0.00
2015.04.17 11:06:24.675,12.04389,12.04616,0.00,0.00
2015.04.17 11:06:25.449,12.04439,12.04616,0.00,0.00
2015.04.17 11:06:25.500,12.04439,12.04661,0.00,0.00
2015.04.17 11:06:25.550,12.04439,12.04649,0.00,0.00
2015.04.17 11:06:25.601,12.04389,12.04649,0.00,0.00
2015.04.17 11:06:25.651,12.04389,12.04627,0.00,0.00
2015.04.17 11:06:26.219,12.04389,12.04601,0.00,0.00
2015.04.17 11:06:26.479,12.04389,12.04617,0.00,0.00
2015.04.17 11:06:26.580,12.04389,12.04631,0.00,0.00
2015.04.17 11:06:27.682,12.04389,12.04609,0.00,0.00
2015.04.17 11:06:27.783,12.04389,12.04626,0.00,0.00
2015.04.17 11:06:28.385,12.04389,12.04609,0.00,0.00
2015.04.17 11:06:28.737,12.04389,12.04594,0.00,0.00
2015.04.17 11:06:29.629,12.04338,12.04594,0.00,0.00
2015.04.17 11:06:29.680,12.04338,12.04566,0.00,0.00
2015.04.17 11:06:30.006,12.04338,12.04596,0.00,0.00
2015.04.17 11:06:31.195,12.04338,12.0458,0.00,0.00
2015.04.17 11:06:31.543,12.04338,12.04565,0.00,0.00
2015.04.17 11:06:32.213,12.04338,12.04546,0.00,0.00
2015.04.17 11:06:35.610,12.04338,12.04577,0.00,0.00
2015.04.17 11:06:35.769,12.04338,12.04565,0.00,0.00
2015.04.17 11:06:38.785,12.04338,12.04593,0.00,0.00
2015.04.17 11:06:39.491,12.04338,12.0457,0.00,0.00
2015.04.17 11:06:39.592,12.04388,12.04623,0.00,0.00
2015.04.17 11:06:40.415,12.04388,12.04611,0.00,0.00
2015.04.17 11:06:41.504,12.04388,12.04596,0.00,0.00
2015.04.17 11:06:42.019,12.04388,12.0461,0.00,0.00
2015.04.17 11:06:44.229,12.04388,12.04598,0.00,0.00
2015.04.17 11:06:44.296,12.04388,12.04609,0.00,0.00
2015.04.17 11:06:44.705,12.04338,12.04551,0.00,0.00
2015.04.17 11:06:45.054,12.04338,12.04541,0.00,0.00
2015.04.17 11:06:45.155,12.04289,12.04526,0.00,0.00
2015.04.17 11:06:45.206,12.04289,12.04486,0.00,0.00
2015.04.17 11:06:45.256,12.04239,12.04486,0.00,0.00
2015.04.17 11:06:45.306,12.04239,12.04459,0.00,0.00
2015.04.17 11:06:45.631,12.04239,12.04475,0.00,0.00
2015.04.17 11:06:45.732,12.04239,12.04456,0.00,0.00
2015.04.17 11:06:46.636,12.04239,12.04466,0.00,0.00
2015.04.17 11:06:46.806,12.04239,12.0448,0.00,0.00
2015.04.17 11:06:47.010,12.04239,12.04494,0.00,0.00
2015.04.17 11:06:48.043,12.04239,12.04489,0.00,0.00
2015.04.17 11:06:49.757,12.04239,12.04467,0.00,0.00
2015.04.17 11:06:49.808,12.04189,12.04467,0.00,0.00
2015.04.17 11:06:49.858,12.04189,12.04398,0.00,0.00
2015.04.17 11:06:49.909,12.04139,12.04398,0.00,0.00
2015.04.17 11:06:49.959,12.04139,12.04374,0.00,0.00
2015.04.17 11:06:50.550,12.04139,12.04394,0.00,0.00
2015.04.17 11:06:50.852,12.04139,12.04372,0.00,0.00
2015.04.17 11:06:51.202,12.04139,12.04356,0.00,0.00
2015.04.17 11:06:51.304,12.04089,12.04356,0.00,0.00
2015.04.17 11:06:51.355,12.04089,12.04284,0.00,0.00
2015.04.17 11:06:51.456,12.04038,12.04284,0.00,0.00
2015.04.17 11:06:51.519,12.04038,12.04256,0.00,0.00
2015.04.17 11:06:51.737,12.04038,12.04272,0.00,0.00
2015.04.17 11:06:51.955,12.04038,12.04299,0.00,0.00
2015.04.17 11:06:52.222,12.04038,12.04261,0.00,0.00
2015.04.17 11:06:52.524,12.03902,12.04045,0.00,0.00
2015.04.17 11:06:52.575,12.03838,12.04045,0.00,0.00
2015.04.17 11:06:52.735,12.03838,12.04052,0.00,0.00
2015.04.17 11:06:52.836,12.03838,12.04069,0.00,0.00
2015.04.17 11:06:53.148,12.03838,12.04071,0.00,0.00
2015.04.17 11:06:53.249,12.03838,12.0409,0.00,0.00
2015.04.17 11:06:53.350,12.03838,12.041,0.00,0.00
2015.04.17 11:06:53.726,12.03838,12.04072,0.00,0.00
2015.04.17 11:06:53.826,12.03838,12.04115,0.00,0.00
2015.04.17 11:06:53.877,12.03889,12.04115,0.00,0.00
2015.04.17 11:06:53.927,12.03889,12.04119,0.00,0.00
2015.04.17 11:06:54.028,12.03888,12.04168,0.00,0.00
2015.04.17 11:06:54.864,12.03939,12.04168,0.00,0.00
2015.04.17 11:06:54.965,12.03939,12.04218,0.00,0.00
2015.04.17 11:06:55.808,12.03888,12.04218,0.00,0.00
2015.04.17 11:06:55.858,12.03888,12.04183,0.00,0.00
2015.04.17 11:06:56.256,12.03888,12.04179,0.00,0.00
2015.04.17 11:06:56.797,12.03939,12.04179,0.00,0.00
2015.04.17 11:06:56.948,12.03939,12.04209,0.00,0.00
2015.04.17 11:06:57.371,12.03939,12.04206,0.00,0.00
2015.04.17 11:06:57.472,12.03939,12.04209,0.00,0.00
2015.04.17 11:06:57.876,12.03939,12.04205,0.00,0.00
2015.04.17 11:06:57.926,12.03888,12.04168,0.00,0.00
2015.04.17 11:06:58.243,12.03838,12.04168,0.00,0.00
2015.04.17 11:06:58.344,12.03889,12.04191,0.00,0.00
2015.04.17 11:06:58.894,12.03889,12.04168,0.00,0.00
2015.04.17 11:07:01.655,12.03839,12.04118,0.00,0.00
2015.04.17 11:07:01.987,12.03888,12.04119,0.00,0.00
2015.04.17 11:07:02.407,12.03938,12.04119,0.00,0.00
2015.04.17 11:07:02.458,12.03938,12.04175,0.00,0.00
2015.04.17 11:07:03.059,12.03938,12.04185,0.00,0.00
2015.04.17 11:07:03.161,12.03938,12.04169,0.00,0.00
2015.04.17 11:07:03.465,12.03988,12.04215,0.00,0.00
2015.04.17 11:07:04.964,12.03988,12.04235,0.00,0.00
2015.04.17 11:07:05.088,12.03939,12.04235,0.00,0.00
2015.04.17 11:07:05.189,12.03939,12.04212,0.00,0.00
2015.04.17 11:07:05.539,12.03938,12.04186,0.00,0.00
2015.04.17 11:07:05.590,12.03938,12.04211,0.00,0.00
2015.04.17 11:07:06.285,12.03908,12.04211,0.00,0.00
2015.04.17 11:07:06.996,12.03908,12.04202,0.00,0.00
2015.04.17 11:07:07.345,12.03888,12.04172,0.00,0.00
2015.04.17 11:07:07.396,12.03888,12.04202,0.00,0.00
2015.04.17 11:07:07.578,12.03939,12.04202,0.00,0.00
2015.04.17 11:07:07.679,12.03939,12.04219,0.00,0.00
2015.04.17 11:07:08.155,12.03939,12.04197,0.00,0.00
2015.04.17 11:07:08.700,12.03939,12.04228,0.00,0.00
2015.04.17 11:07:10.576,12.03906,12.04228,0.00,0.00
2015.04.17 11:07:10.626,12.03906,12.04218,0.00,0.00
2015.04.17 11:07:11.061,12.03888,12.04176,0.00,0.00
2015.04.17 11:07:11.209,12.03888,12.04194,0.00,0.00
2015.04.17 11:07:11.410,12.03888,12.04178,0.00,0.00
2015.04.17 11:07:11.761,12.03988,12.04178,0.00,0.00
2015.04.17 11:07:11.812,12.03988,12.04236,0.00,0.00
2015.04.17 11:07:11.912,12.03988,12.04258,0.00,0.00
2015.04.17 11:07:12.014,12.03938,12.04248,0.00,0.00
2015.04.17 11:07:12.064,12.03938,12.04202,0.00,0.00
2015.04.17 11:07:12.667,12.03938,12.04218,0.00,0.00
2015.04.17 11:07:12.814,12.03938,12.04234,0.00,0.00
2015.04.17 11:07:13.318,12.03938,12.04218,0.00,0.00
2015.04.17 11:07:16.516,12.03938,12.04202,0.00,0.00
2015.04.17 11:07:16.927,12.03888,12.04202,0.00,0.00
2015.04.17 11:07:17.128,12.03895,12.04217,0.00,0.00
2015.04.17 11:07:17.178,12.03938,12.04217,0.00,0.00
2015.04.17 11:07:17.681,12.03938,12.04219,0.00,0.00
2015.04.17 11:07:17.876,12.03938,12.04234,0.00,0.00
2015.04.17 11:07:17.927,12.03938,12.04217,0.00,0.00
2015.04.17 11:07:20.832,12.03938,12.04202,0.00,0.00
2015.04.17 11:07:21.659,12.03891,12.04202,0.00,0.00
2015.04.17 11:07:21.810,12.03888,12.04172,0.00,0.00
2015.04.17 11:07:22.236,12.03859,12.04152,0.00,0.00
2015.04.17 11:07:22.296,12.03818,12.0414,0.00,0.00
2015.04.17 11:07:22.347,12.03841,12.0414,0.00,0.00
2015.04.17 11:07:22.399,12.03841,12.04161,0.00,0.00
2015.04.17 11:07:23.139,12.03856,12.0418,0.00,0.00
2015.04.17 11:07:23.309,12.03841,12.04164,0.00,0.00
2015.04.17 11:07:23.840,12.03856,12.0418,0.00,0.00
2015.04.17 11:07:23.999,12.03888,12.0418,0.00,0.00
2015.04.17 11:07:24.050,12.03906,12.0423,0.00,0.00
2015.04.17 11:07:24.541,12.03888,12.04203,0.00,0.00
2015.04.17 11:07:24.601,12.03913,12.04235,0.00,0.00
2015.04.17 11:07:25.126,12.03896,12.0422,0.00,0.00
2015.04.17 11:07:27.196,12.03896,12.04219,0.00,0.00
2015.04.17 11:07:27.297,12.03896,12.04208,0.00,0.00
2015.04.17 11:07:27.692,12.03888,12.04144,0.00,0.00
2015.04.17 11:07:27.807,12.03888,12.04157,0.00,0.00
2015.04.17 11:07:28.476,12.03842,12.04151,0.00,0.00
2015.04.17 11:07:28.527,12.03842,12.04119,0.00,0.00
2015.04.17 11:07:28.628,12.03839,12.04119,0.00,0.00
2015.04.17 11:07:29.111,12.03843,12.04119,0.00,0.00
2015.04.17 11:07:29.211,12.03839,12.04119,0.00,0.00
2015.04.17 11:07:29.397,12.03839,12.04148,0.00,0.00
2015.04.17 11:07:30.114,12.03839,12.04126,0.00,0.00
2015.04.17 11:07:30.816,12.03839,12.04139,0.00,0.00
2015.04.17 11:07:31.217,12.03839,12.04158,0.00,0.00
2015.04.17 11:07:31.267,12.03836,12.04118,0.00,0.00
2015.04.17 11:07:31.318,12.03801,12.04106,0.00,0.00
2015.04.17 11:07:31.419,12.03803,12.04118,0.00,0.00
2015.04.17 11:07:31.660,12.03834,12.04118,0.00,0.00
2015.04.17 11:07:31.718,12.03819,12.04118,0.00,0.00
2015.04.17 11:07:31.819,12.03835,12.04118,0.00,0.00
2015.04.17 11:07:32.194,12.03835,12.04151,0.00,0.00
2015.04.17 11:07:32.421,12.03805,12.04127,0.00,0.00
2015.04.17 11:07:32.743,12.0382,12.04142,0.00,0.00
2015.04.17 11:07:34.668,12.03801,12.04105,0.00,0.00
2015.04.17 11:07:35.094,12.03841,12.04119,0.00,0.00
2015.04.17 11:07:35.558,12.03841,12.04151,0.00,0.00
2015.04.17 11:07:36.465,12.03827,12.04149,0.00,0.00
2015.04.17 11:07:36.574,12.03842,12.04151,0.00,0.00
2015.04.17 11:07:36.932,12.03888,12.04175,0.00,0.00
2015.04.17 11:07:37.262,12.03888,12.04151,0.00,0.00
2015.04.17 11:07:39.038,12.03888,12.04171,0.00,0.00
2015.04.17 11:07:39.439,12.03888,12.04159,0.00,0.00
2015.04.17 11:07:42.185,12.03888,12.04173,0.00,0.00
2015.04.17 11:07:42.853,12.03888,12.04158,0.00,0.00
2015.04.17 11:07:44.056,12.03888,12.04178,0.00,0.00
2015.04.17 11:07:44.692,12.03929,12.04198,0.00,0.00
2015.04.17 11:07:45.043,12.03989,12.04253,0.00,0.00
2015.04.17 11:07:45.259,12.03989,12.04255,0.00,0.00
2015.04.17 11:07:45.844,12.03989,12.04256,0.00,0.00
2015.04.17 11:07:46.998,12.03989,12.0424,0.00,0.00
2015.04.17 11:07:47.514,12.03989,12.04241,0.00,0.00
2015.04.17 11:07:48.366,12.03989,12.0425,0.00,0.00
2015.04.17 11:07:48.717,12.03969,12.0425,0.00,0.00
2015.04.17 11:07:49.467,12.03969,12.04281,0.00,0.00
2015.04.17 11:07:49.668,12.03969,12.04265,0.00,0.00
2015.04.17 11:07:49.968,12.03969,12.04281,0.00,0.00
2015.04.17 11:07:50.187,12.03969,12.04268,0.00,0.00
2015.04.17 11:07:52.108,12.03969,12.04236,0.00,0.00
2015.04.17 11:07:52.310,12.03969,12.0424,0.00,0.00
2015.04.17 11:07:52.578,12.03969,12.04227,0.00,0.00
2015.04.17 11:07:52.679,12.03969,12.0424,0.00,0.00
2015.04.17 11:07:52.914,12.03969,12.04227,0.00,0.00
2015.04.17 11:07:54.148,12.03905,12.04219,0.00,0.00
2015.04.17 11:07:54.217,12.03968,12.04219,0.00,0.00
2015.04.17 11:07:54.809,12.03968,12.04265,0.00,0.00
2015.04.17 11:07:55.091,12.03968,12.04253,0.00,0.00
2015.04.17 11:07:55.995,12.03968,12.04283,0.00,0.00
2015.04.17 11:07:56.512,12.03968,12.04269,0.00,0.00
2015.04.17 11:07:58.100,12.03968,12.04286,0.00,0.00
2015.04.17 11:07:58.201,12.03932,12.04232,0.00,0.00
2015.04.17 11:07:58.524,12.03968,12.0426,0.00,0.00
2015.04.17 11:08:00.428,12.03968,12.04238,0.00,0.00
2015.04.17 11:08:00.716,12.03968,12.04274,0.00,0.00
2015.04.17 11:08:02.517,12.03968,12.0425,0.00,0.00
2015.04.17 11:08:03.520,12.03968,12.04291,0.00,0.00
2015.04.17 11:08:03.723,12.04018,12.04291,0.00,0.00
2015.04.17 11:08:03.824,12.04068,12.04373,0.00,0.00
2015.04.17 11:08:04.022,12.04068,12.04364,0.00,0.00
2015.04.17 11:08:04.424,12.04068,12.04335,0.00,0.00
2015.04.17 11:08:04.525,12.04068,12.04378,0.00,0.00
2015.04.17 11:08:04.713,12.04068,12.04335,0.00,0.00
2015.04.17 11:08:05.828,12.04068,12.0436,0.00,0.00
2015.04.17 11:08:07.935,12.04068,12.04335,0.00,0.00
2015.04.17 11:08:10.149,12.04068,12.04367,0.00,0.00
2015.04.17 11:08:11.152,12.04068,12.04351,0.00,0.00
2015.04.17 11:08:13.155,12.04068,12.04366,0.00,0.00
2015.04.17 11:08:15.937,12.04068,12.04352,0.00,0.00
2015.04.17 11:08:21.564,12.04068,12.04336,0.00,0.00
2015.04.17 11:08:24.749,12.04068,12.04375,0.00,0.00
2015.04.17 11:08:24.950,12.04068,12.04359,0.00,0.00
2015.04.17 11:08:25.256,12.04068,12.04336,0.00,0.00
2015.04.17 11:08:25.452,12.04068,12.04346,0.00,0.00
2015.04.17 11:08:25.553,12.04068,12.04361,0.00,0.00
2015.04.17 11:08:26.055,12.04068,12.04345,0.00,0.00
2015.04.17 11:08:26.490,12.04068,12.04335,0.00,0.00
2015.04.17 11:08:26.791,12.04062,12.04308,0.00,0.00
2015.04.17 11:08:26.842,12.04062,12.04331,0.00,0.00
2015.04.17 11:08:26.892,12.04068,12.04331,0.00,0.00
2015.04.17 11:08:26.993,12.04068,12.0436,0.00,0.00
2015.04.17 11:08:27.158,12.04068,12.04351,0.00,0.00
2015.04.17 11:08:27.259,12.04068,12.0436,0.00,0.00
2015.04.17 11:08:27.659,12.04068,12.04376,0.00,0.00
2015.04.17 11:08:28.198,12.04068,12.04366,0.00,0.00
2015.04.17 11:08:28.505,12.04068,12.04378,0.00,0.00
2015.04.17 11:08:28.662,12.04068,12.04365,0.00,0.00
2015.04.17 11:08:43.982,12.04068,12.04358,0.00,0.00
2015.04.17 11:08:44.323,12.03969,12.04245,0.00,0.00
2015.04.17 11:08:44.579,12.03969,12.04264,0.00,0.00
2015.04.17 11:08:49.401,12.03969,12.04248,0.00,0.00
2015.04.17 11:08:49.933,12.03969,12.04236,0.00,0.00
2015.04.17 11:08:50.848,12.03969,12.04248,0.00,0.00
2015.04.17 11:08:53.234,12.03969,12.04235,0.00,0.00
2015.04.17 11:08:54.658,12.03969,12.04267,0.00,0.00
2015.04.17 11:08:55.661,12.03969,12.0425,0.00,0.00
2015.04.17 11:09:01.875,12.03969,12.04273,0.00,0.00
2015.04.17 11:09:05.683,12.03969,12.04262,0.00,0.00
2015.04.17 11:09:06.315,12.03938,12.04262,0.00,0.00
2015.04.17 11:09:07.148,12.03921,12.04245,0.00,0.00
2015.04.17 11:09:07.688,12.03937,12.04259,0.00,0.00
2015.04.17 11:09:10.193,12.03948,12.04272,0.00,0.00
2015.04.17 11:09:10.494,12.03933,12.04257,0.00,0.00
2015.04.17 11:09:12.604,12.03961,12.04276,0.00,0.00
2015.04.17 11:09:12.987,12.03969,12.04276,0.00,0.00
2015.04.17 11:09:13.317,12.03969,12.04249,0.00,0.00
2015.04.17 11:09:13.466,12.03969,12.04281,0.00,0.00
2015.04.17 11:09:15.169,12.03969,12.04248,0.00,0.00
2015.04.17 11:09:15.371,12.03969,12.04264,0.00,0.00
2015.04.17 11:09:16.172,12.03969,12.04251,0.00,0.00
2015.04.17 11:09:17.074,12.03969,12.0427,0.00,0.00
2015.04.17 11:09:17.513,12.03969,12.0426,0.00,0.00
2015.04.17 11:09:17.716,12.03969,12.04276,0.00,0.00
2015.04.17 11:09:19.388,12.03969,12.04263,0.00,0.00
2015.04.17 11:09:19.780,12.03969,12.04246,0.00,0.00
2015.04.17 11:09:19.830,12.03961,12.04246,0.00,0.00
2015.04.17 11:09:19.881,12.03953,12.04277,0.00,0.00
2015.04.17 11:09:19.932,12.03968,12.04277,0.00,0.00
2015.04.17 11:09:19.982,12.03968,12.04287,0.00,0.00
2015.04.17 11:09:21.797,12.03968,12.04277,0.00,0.00
2015.04.17 11:09:21.985,12.03981,12.04305,0.00,0.00
2015.04.17 11:09:22.185,12.03968,12.0429,0.00,0.00
2015.04.17 11:09:23.889,12.03968,12.04279,0.00,0.00
2015.04.17 11:09:24.390,12.03981,12.04305,0.00,0.00
2015.04.17 11:09:24.441,12.04069,12.04305,0.00,0.00
2015.04.17 11:09:24.491,12.04069,12.04349,0.00,0.00
2015.04.17 11:09:24.544,12.04069,12.04351,0.00,0.00
2015.04.17 11:09:25.392,12.04069,12.0434,0.00,0.00
2015.04.17 11:09:25.443,12.04062,12.0434,0.00,0.00
2015.04.17 11:09:25.493,12.04062,12.04331,0.00,0.00
2015.04.17 11:09:25.863,12.04062,12.04312,0.00,0.00
2015.04.17 11:09:26.094,12.04062,12.04328,0.00,0.00
2015.04.17 11:09:26.264,12.04018,12.04328,0.00,0.00
2015.04.17 11:09:27.196,12.04018,12.04314,0.00,0.00
2015.04.17 11:09:27.518,12.04069,12.04359,0.00,0.00
2015.04.17 11:09:27.909,12.04069,12.04345,0.00,0.00
2015.04.17 11:09:28.343,12.04069,12.04358,0.00,0.00
2015.04.17 11:09:28.498,12.04069,12.04346,0.00,0.00
2015.04.17 11:09:29.446,12.04069,12.04372,0.00,0.00
2015.04.17 11:09:30.047,12.04069,12.04371,0.00,0.00
2015.04.17 11:09:32.253,12.04077,12.04401,0.00,0.00
2015.04.17 11:09:32.354,12.04088,12.0441,0.00,0.00
2015.04.17 11:09:34.232,12.04069,12.04383,0.00,0.00
2015.04.17 11:09:34.694,12.04118,12.04418,0.00,0.00
2015.04.17 11:09:35.222,12.04168,12.04418,0.00,0.00
2015.04.17 11:09:35.273,12.04168,12.0443,0.00,0.00
2015.04.17 11:09:35.374,12.04168,12.04461,0.00,0.00
2015.04.17 11:09:35.647,12.04168,12.04446,0.00,0.00
2015.04.17 11:09:35.748,12.04168,12.04472,0.00,0.00
2015.04.17 11:09:36.263,12.04168,12.04461,0.00,0.00
2015.04.17 11:09:36.773,12.04168,12.04445,0.00,0.00
2015.04.17 11:09:36.828,12.04168,12.04455,0.00,0.00
2015.04.17 11:09:37.162,12.04168,12.04445,0.00,0.00
2015.04.17 11:09:37.363,12.04186,12.0451,0.00,0.00
2015.04.17 11:09:37.463,12.04171,12.04495,0.00,0.00
2015.04.17 11:09:39.367,12.04168,12.04472,0.00,0.00
2015.04.17 11:09:39.744,12.04168,12.04457,0.00,0.00
2015.04.17 11:09:43.540,12.04168,12.04475,0.00,0.00
2015.04.17 11:09:43.841,12.04168,12.04463,0.00,0.00
2015.04.17 11:09:44.079,12.04168,12.04479,0.00,0.00
2015.04.17 11:09:44.342,12.04168,12.04461,0.00,0.00
2015.04.17 11:09:45.178,12.04168,12.04478,0.00,0.00
2015.04.17 11:09:45.844,12.04168,12.04454,0.00,0.00
2015.04.17 11:09:48.048,12.04168,12.04477,0.00,0.00
2015.04.17 11:09:48.657,12.04168,12.04454,0.00,0.00
2015.04.17 11:09:50.854,12.04168,12.04466,0.00,0.00
2015.04.17 11:09:55.161,12.04168,12.04455,0.00,0.00
2015.04.17 11:09:57.085,12.04131,12.04455,0.00,0.00
2015.04.17 11:09:57.186,12.04157,12.04479,0.00,0.00
2015.04.17 11:09:57.567,12.04169,12.04466,0.00,0.00
2015.04.17 11:09:59.005,12.04169,12.04465,0.00,0.00
2015.04.17 11:09:59.370,12.04173,12.04495,0.00,0.00
2015.04.17 11:09:59.771,12.04169,12.0448,0.00,0.00
2015.04.17 11:10:00.272,12.04169,12.04454,0.00,0.00
2015.04.17 11:10:00.773,12.04169,12.04484,0.00,0.00
2015.04.17 11:10:02.570,12.04169,12.04465,0.00,0.00
2015.04.17 11:10:03.297,12.04169,12.04478,0.00,0.00
2015.04.17 11:10:03.573,12.04169,12.04487,0.00,0.00
2015.04.17 11:10:04.998,12.04169,12.04471,0.00,0.00
2015.04.17 11:10:05.278,12.04172,12.04494,0.00,0.00
2015.04.17 11:10:06.018,12.04169,12.0447,0.00,0.00
2015.04.17 11:10:06.310,12.04169,12.04484,0.00,0.00
2015.04.17 11:10:07.631,12.04169,12.04471,0.00,0.00
2015.04.17 11:10:07.782,12.04088,12.0441,0.00,0.00
2015.04.17 11:10:09.383,12.04072,12.04394,0.00,0.00
2015.04.17 11:10:09.684,12.04081,12.04405,0.00,0.00
2015.04.17 11:10:11.311,12.04097,12.04419,0.00,0.00
2015.04.17 11:10:12.089,12.04083,12.04405,0.00,0.00
2015.04.17 11:10:13.090,12.04097,12.04419,0.00,0.00
2015.04.17 11:10:13.591,12.04079,12.04401,0.00,0.00
2015.04.17 11:10:13.892,12.04097,12.04419,0.00,0.00
2015.04.17 11:10:16.296,12.04112,12.04431,0.00,0.00
2015.04.17 11:10:16.398,12.04118,12.04439,0.00,0.00
2015.04.17 11:10:16.503,12.04097,12.04419,0.00,0.00
2015.04.17 11:10:17.561,12.0408,12.04404,0.00,0.00
2015.04.17 11:10:17.612,12.04066,12.04382,0.00,0.00
2015.04.17 11:10:18.064,12.04061,12.04359,0.00,0.00
2015.04.17 11:10:18.165,12.04037,12.04359,0.00,0.00
2015.04.17 11:10:24.657,12.04027,12.04349,0.00,0.00
2015.04.17 11:10:25.465,12.04037,12.04359,0.00,0.00
2015.04.17 11:10:25.974,12.04014,12.04332,0.00,0.00
2015.04.17 11:10:26.074,12.03994,12.04318,0.00,0.00
2015.04.17 11:10:27.396,12.04018,12.04318,0.00,0.00
2015.04.17 11:10:27.446,12.04018,12.04335,0.00,0.00
2015.04.17 11:10:27.547,12.04036,12.0436,0.00,0.00
2015.04.17 11:10:29.454,12.04022,12.04346,0.00,0.00
2015.04.17 11:10:30.256,12.04035,12.04359,0.00,0.00
2015.04.17 11:10:32.636,12.04035,12.0432,0.00,0.00
2015.04.17 11:10:32.686,12.03992,12.04309,0.00,0.00
2015.04.17 11:10:32.737,12.03992,12.0429,0.00,0.00
2015.04.17 11:10:32.787,12.03964,12.04282,0.00,0.00
2015.04.17 11:10:32.838,12.03964,12.0427,0.00,0.00
2015.04.17 11:10:33.337,12.03964,12.04231,0.00,0.00
2015.04.17 11:10:33.388,12.03943,12.04231,0.00,0.00
2015.04.17 11:10:33.489,12.03902,12.04226,0.00,0.00
2015.04.17 11:10:33.867,12.03915,12.04231,0.00,0.00
2015.04.17 11:10:34.189,12.03931,12.04231,0.00,0.00
2015.04.17 11:10:34.290,12.03901,12.04225,0.00,0.00
2015.04.17 11:10:35.178,12.03961,12.04225,0.00,0.00
2015.04.17 11:10:35.279,12.03972,12.04294,0.00,0.00
2015.04.17 11:10:35.573,12.03984,12.04308,0.00,0.00
2015.04.17 11:10:35.848,12.03973,12.04295,0.00,0.00
2015.04.17 11:10:36.151,12.03986,12.0431,0.00,0.00
2015.04.17 11:10:36.695,12.03977,12.04299,0.00,0.00
2015.04.17 11:10:36.797,12.03986,12.0431,0.00,0.00
2015.04.17 11:10:37.039,12.03986,12.04289,0.00,0.00
2015.04.17 11:10:37.251,12.03976,12.04289,0.00,0.00
2015.04.17 11:10:37.356,12.03987,12.04289,0.00,0.00
2015.04.17 11:10:38.298,12.03968,12.04282,0.00,0.00
2015.04.17 11:10:38.483,12.03974,12.04289,0.00,0.00
2015.04.17 11:10:41.052,12.04019,12.04289,0.00,0.00
2015.04.17 11:10:41.103,12.04036,12.04338,0.00,0.00
2015.04.17 11:10:41.499,12.04019,12.04338,0.00,0.00
2015.04.17 11:10:41.698,12.04033,12.04338,0.00,0.00
2015.04.17 11:10:42.306,12.04019,12.04338,0.00,0.00
2015.04.17 11:10:43.609,12.04031,12.04338,0.00,0.00
2015.04.17 11:10:44.008,12.04019,12.04322,0.00,0.00
2015.04.17 11:10:45.301,12.04,12.04322,0.00,0.00
2015.04.17 11:10:45.402,12.03968,12.04265,0.00,0.00
2015.04.17 11:10:45.553,12.03962,12.04265,0.00,0.00
2015.04.17 11:10:46.117,12.03969,12.04269,0.00,0.00
2015.04.17 11:10:46.167,12.03969,12.04276,0.00,0.00
2015.04.17 11:10:46.218,12.03978,12.04299,0.00,0.00
2015.04.17 11:10:46.617,12.03969,12.04274,0.00,0.00
2015.04.17 11:10:46.918,12.04018,12.04238,0.00,0.00
2015.04.17 11:10:47.070,12.04034,12.04358,0.00,0.00
2015.04.17 11:10:47.707,12.04021,12.04345,0.00,0.00
2015.04.17 11:10:48.675,12.04032,12.04356,0.00,0.00
2015.04.17 11:10:54.096,12.04076,12.04359,0.00,0.00
2015.04.17 11:10:54.197,12.04116,12.04432,0.00,0.00
2015.04.17 11:10:54.297,12.04116,12.04409,0.00,0.00
2015.04.17 11:10:54.639,12.04086,12.04409,0.00,0.00
2015.04.17 11:10:54.740,12.04068,12.04388,0.00,0.00
2015.04.17 11:10:54.891,12.04077,12.04401,0.00,0.00
2015.04.17 11:10:54.998,12.04097,12.04409,0.00,0.00
2015.04.17 11:10:56.950,12.04071,12.04395,0.00,0.00
2015.04.17 11:10:57.147,12.04068,12.04372,0.00,0.00
2015.04.17 11:10:57.502,12.04076,12.044,0.00,0.00
2015.04.17 11:10:58.351,12.04068,12.04388,0.00,0.00
2015.04.17 11:11:00.479,12.04066,12.04382,0.00,0.00
2015.04.17 11:11:00.630,12.04036,12.04358,0.00,0.00
2015.04.17 11:11:00.708,12.04061,12.04369,0.00,0.00
2015.04.17 11:11:00.809,12.04035,12.04357,0.00,0.00
2015.04.17 11:11:02.319,12.04035,12.04271,0.00,0.00
2015.04.17 11:11:02.470,12.03937,12.04188,0.00,0.00
2015.04.17 11:11:02.521,12.03949,12.04188,0.00,0.00
2015.04.17 11:11:02.877,12.03961,12.04188,0.00,0.00
2015.04.17 11:11:02.927,12.03972,12.04219,0.00,0.00
2015.04.17 11:11:03.013,12.03987,12.04219,0.00,0.00
2015.04.17 11:11:03.414,12.03965,12.04219,0.00,0.00
2015.04.17 11:11:03.616,12.03977,12.04219,0.00,0.00
2015.04.17 11:11:05.297,12.03977,12.04248,0.00,0.00
2015.04.17 11:11:08.617,12.03977,12.04139,0.00,0.00
2015.04.17 11:11:08.668,12.03916,12.04132,0.00,0.00
2015.04.17 11:11:08.768,12.03881,12.04132,0.00,0.00
2015.04.17 11:11:08.840,12.03881,12.04139,0.00,0.00
2015.04.17 11:11:09.529,12.03881,12.04159,0.00,0.00
2015.04.17 11:11:12.018,12.03881,12.04199,0.00,0.00
2015.04.17 11:11:12.364,12.03892,12.04199,0.00,0.00
2015.04.17 11:11:16.067,12.03882,12.04199,0.00,0.00
2015.04.17 11:11:25.373,12.03928,12.04199,0.00,0.00
2015.04.17 11:11:25.474,12.03968,12.04281,0.00,0.00
2015.04.17 11:11:25.778,12.04019,12.04281,0.00,0.00
2015.04.17 11:11:25.878,12.04019,12.04315,0.00,0.00
2015.04.17 11:11:25.929,12.04062,12.04315,0.00,0.00
2015.04.17 11:11:26.769,12.04018,12.04315,0.00,0.00
2015.04.17 11:11:27.029,12.04069,12.04316,0.00,0.00
2015.04.17 11:11:27.130,12.04018,12.04316,0.00,0.00
2015.04.17 11:11:27.731,12.0403,12.04316,0.00,0.00
2015.04.17 11:11:27.882,12.04142,12.04431,0.00,0.00
2015.04.17 11:11:27.983,12.04169,12.04439,0.00,0.00
2015.04.17 11:11:28.433,12.04169,12.04484,0.00,0.00
2015.04.17 11:11:28.484,12.04173,12.04497,0.00,0.00
2015.04.17 11:11:28.534,12.04218,12.04497,0.00,0.00
2015.04.17 11:11:28.585,12.04218,12.04524,0.00,0.00
2015.04.17 11:11:28.686,12.04268,12.04524,0.00,0.00
2015.04.17 11:11:28.985,12.04268,12.04538,0.00,0.00
2015.04.17 11:11:29.218,12.04268,12.04568,0.00,0.00
2015.04.17 11:11:29.582,12.04268,12.04578,0.00,0.00
2015.04.17 11:11:29.687,12.04268,12.04568,0.00,0.00
2015.04.17 11:11:31.999,12.04268,12.04538,0.00,0.00
2015.04.17 11:11:32.049,12.04261,12.04532,0.00,0.00
2015.04.17 11:11:32.100,12.04189,12.04513,0.00,0.00
2015.04.17 11:11:32.201,12.04168,12.04478,0.00,0.00
2015.04.17 11:11:41.423,12.04168,12.04473,0.00,0.00
2015.04.17 11:11:41.693,12.04218,12.04528,0.00,0.00
2015.04.17 11:11:41.794,12.0423,12.04539,0.00,0.00
2015.04.17 11:11:42.238,12.04268,12.04552,0.00,0.00
2015.04.17 11:11:42.627,12.04268,12.04567,0.00,0.00
2015.04.17 11:11:42.799,12.04268,12.04582,0.00,0.00
2015.04.17 11:11:43.991,12.04268,12.04567,0.00,0.00
2015.04.17 11:11:44.042,12.04261,12.04567,0.00,0.00
2015.04.17 11:11:44.143,12.04218,12.04537,0.00,0.00
2015.04.17 11:11:44.244,12.04184,12.04508,0.00,0.00
2015.04.17 11:11:44.294,12.04201,12.04525,0.00,0.00
2015.04.17 11:11:44.598,12.04184,12.04508,0.00,0.00
2015.04.17 11:11:44.900,12.04202,12.04526,0.00,0.00
2015.04.17 11:11:45.339,12.04184,12.04508,0.00,0.00
2015.04.17 11:11:45.645,12.04169,12.04482,0.00,0.00
2015.04.17 11:11:45.991,12.04169,12.04469,0.00,0.00
2015.04.17 11:11:49.534,12.04169,12.04482,0.00,0.00
2015.04.17 11:11:51.962,12.04169,12.04472,0.00,0.00
2015.04.17 11:11:54.927,12.04162,12.04432,0.00,0.00
2015.04.17 11:11:55.079,12.04085,12.04407,0.00,0.00
2015.04.17 11:11:55.297,12.04068,12.04373,0.00,0.00
2015.04.17 11:11:56.487,12.04068,12.04353,0.00,0.00
2015.04.17 11:11:57.068,12.04068,12.04337,0.00,0.00
2015.04.17 11:11:57.169,12.04015,12.04319,0.00,0.00
2015.04.17 11:11:57.304,12.03984,12.04308,0.00,0.00
2015.04.17 11:11:57.605,12.04013,12.04319,0.00,0.00
2015.04.17 11:11:57.705,12.03993,12.04315,0.00,0.00
2015.04.17 11:11:57.806,12.03968,12.04284,0.00,0.00
2015.04.17 11:11:58.148,12.04017,12.04318,0.00,0.00
2015.04.17 11:11:58.327,12.04026,12.04339,0.00,0.00
2015.04.17 11:11:58.378,12.04001,12.04325,0.00,0.00
2015.04.17 11:11:58.428,12.04001,12.04319,0.00,0.00
2015.04.17 11:11:58.479,12.03985,12.04307,0.00,0.00
2015.04.17 11:11:58.981,12.03999,12.04319,0.00,0.00
2015.04.17 11:11:59.059,12.03984,12.04308,0.00,0.00
2015.04.17 11:11:59.406,12.03998,12.04319,0.00,0.00
2015.04.17 11:12:01.062,12.04012,12.04319,0.00,0.00
2015.04.17 11:12:01.364,12.03984,12.04308,0.00,0.00
2015.04.17 11:12:02.170,12.03995,12.04317,0.00,0.00
2015.04.17 11:12:02.481,12.04016,12.04319,0.00,0.00
2015.04.17 11:12:02.666,12.03989,12.04313,0.00,0.00
2015.04.17 11:12:04.475,12.04026,12.04319,0.00,0.00
2015.04.17 11:12:04.627,12.04026,12.04331,0.00,0.00
2015.04.17 11:12:04.728,12.04026,12.04328,0.00,0.00
2015.04.17 11:12:04.870,12.04005,12.04328,0.00,0.00
2015.04.17 11:12:04.971,12.03989,12.04313,0.00,0.00
2015.04.17 11:12:07.163,12.04018,12.04313,0.00,0.00
2015.04.17 11:12:07.214,12.04031,12.04328,0.00,0.00
2015.04.17 11:12:07.265,12.04031,12.04339,0.00,0.00
2015.04.17 11:12:07.366,12.04031,12.04328,0.00,0.00
2015.04.17 11:12:07.574,12.04012,12.04328,0.00,0.00
2015.04.17 11:12:07.675,12.03996,12.04318,0.00,0.00
2015.04.17 11:12:08.817,12.04018,12.04326,0.00,0.00
2015.04.17 11:12:09.018,12.04009,12.04329,0.00,0.00
2015.04.17 11:12:09.278,12.03992,12.04316,0.00,0.00
2015.04.17 11:12:10.905,12.04008,12.04329,0.00,0.00
2015.04.17 11:12:14.214,12.03984,12.04306,0.00,0.00
2015.04.17 11:12:17.194,12.03999,12.04321,0.00,0.00
2015.04.17 11:12:18.597,12.03983,12.04307,0.00,0.00
2015.04.17 11:12:20.412,12.03969,12.04277,0.00,0.00
2015.04.17 11:12:20.902,12.03969,12.04293,0.00,0.00
2015.04.17 11:12:21.317,12.03969,12.0426,0.00,0.00
2015.04.17 11:12:21.619,12.03969,12.04292,0.00,0.00
2015.04.17 11:12:23.116,12.03969,12.04277,0.00,0.00
2015.04.17 11:12:23.316,12.03969,12.04293,0.00,0.00
2015.04.17 11:12:23.417,12.03931,12.04228,0.00,0.00
2015.04.17 11:12:23.568,12.03892,12.04216,0.00,0.00
2015.04.17 11:12:23.840,12.03908,12.04232,0.00,0.00
2015.04.17 11:12:24.319,12.03918,12.04228,0.00,0.00
2015.04.17 11:12:24.419,12.03905,12.04227,0.00,0.00
2015.04.17 11:12:24.520,12.03929,12.04232,0.00,0.00
2015.04.17 11:12:24.810,12.03908,12.0423,0.00,0.00
2015.04.17 11:12:24.920,12.03887,12.04211,0.00,0.00
2015.04.17 11:12:25.021,12.03902,12.04224,0.00,0.00
2015.04.17 11:12:25.441,12.03924,12.04248,0.00,0.00
2015.04.17 11:12:25.542,12.03874,12.04196,0.00,0.00
2015.04.17 11:12:25.973,12.0389,12.04212,0.00,0.00
2015.04.17 11:12:26.431,12.03902,12.04226,0.00,0.00
2015.04.17 11:12:26.814,12.03886,12.0421,0.00,0.00
2015.04.17 11:12:27.128,12.03906,12.04228,0.00,0.00
2015.04.17 11:12:27.329,12.03938,12.04262,0.00,0.00
2015.04.17 11:12:27.430,12.03918,12.04229,0.00,0.00
2015.04.17 11:12:27.749,12.0394,12.04262,0.00,0.00
2015.04.17 11:12:27.931,12.03926,12.0425,0.00,0.00
2015.04.17 11:12:28.519,12.03918,12.04238,0.00,0.00
2015.04.17 11:12:28.885,12.03918,12.04223,0.00,0.00
2015.04.17 11:12:32.257,12.03968,12.04242,0.00,0.00
2015.04.17 11:12:32.358,12.03968,12.04281,0.00,0.00
2015.04.17 11:12:32.459,12.03968,12.04263,0.00,0.00
2015.04.17 11:12:32.560,12.03968,12.04281,0.00,0.00
2015.04.17 11:12:33.145,12.03931,12.04202,0.00,0.00
2015.04.17 11:12:33.195,12.03919,12.04202,0.00,0.00
2015.04.17 11:12:33.346,12.03919,12.04174,0.00,0.00
2015.04.17 11:12:33.533,12.03919,12.04189,0.00,0.00
2015.04.17 11:12:36.037,12.03919,12.04215,0.00,0.00
2015.04.17 11:12:36.238,12.03919,12.04198,0.00,0.00
2015.04.17 11:12:37.063,12.03841,12.0414,0.00,0.00
2015.04.17 11:12:37.164,12.03819,12.0414,0.00,0.00
2015.04.17 11:12:37.214,12.03818,12.04131,0.00,0.00
2015.04.17 11:12:37.651,12.0385,12.04148,0.00,0.00
2015.04.17 11:12:37.981,12.0385,12.04132,0.00,0.00
2015.04.17 11:12:38.082,12.03814,12.04132,0.00,0.00
2015.04.17 11:12:38.441,12.03825,12.04132,0.00,0.00
2015.04.17 11:12:38.756,12.0379,12.04112,0.00,0.00
2015.04.17 11:12:38.956,12.03841,12.04132,0.00,0.00
2015.04.17 11:12:39.958,12.03826,12.04132,0.00,0.00
2015.04.17 11:12:40.259,12.03841,12.04132,0.00,0.00
2015.04.17 11:12:40.952,12.03825,12.04132,0.00,0.00
2015.04.17 11:12:41.060,12.03843,12.04167,0.00,0.00
2015.04.17 11:12:41.161,12.03843,12.04132,0.00,0.00
2015.04.17 11:12:41.275,12.03801,12.04125,0.00,0.00
2015.04.17 11:12:41.376,12.03779,12.04103,0.00,0.00
2015.04.17 11:12:41.993,12.03795,12.04117,0.00,0.00
2015.04.17 11:12:42.552,12.0381,12.04132,0.00,0.00
2015.04.17 11:12:42.883,12.03772,12.04092,0.00,0.00
2015.04.17 11:12:43.148,12.038,12.04122,0.00,0.00
2015.04.17 11:12:47.553,12.038,12.04118,0.00,0.00
2015.04.17 11:12:47.876,12.03776,12.041,0.00,0.00
2015.04.17 11:12:47.977,12.03799,12.04118,0.00,0.00
2015.04.17 11:12:48.098,12.03782,12.04106,0.00,0.00
2015.04.17 11:12:48.299,12.038,12.04118,0.00,0.00
2015.04.17 11:12:49.377,12.038,12.04122,0.00,0.00
2015.04.17 11:12:49.480,12.03768,12.04067,0.00,0.00
2015.04.17 11:12:49.831,12.03762,12.04032,0.00,0.00
2015.04.17 11:12:50.036,12.03743,12.04032,0.00,0.00
2015.04.17 11:12:50.785,12.03748,12.04032,0.00,0.00
2015.04.17 11:12:50.835,12.03748,12.04038,0.00,0.00
2015.04.17 11:12:50.936,12.03748,12.04032,0.00,0.00
2015.04.17 11:12:51.636,12.03736,12.04032,0.00,0.00
2015.04.17 11:12:51.791,12.03748,12.04032,0.00,0.00
2015.04.17 11:12:52.336,12.03734,12.04032,0.00,0.00
2015.04.17 11:12:52.437,12.03711,12.04032,0.00,0.00
2015.04.17 11:12:52.537,12.03707,12.04031,0.00,0.00
2015.04.17 11:12:52.594,12.03719,12.04032,0.00,0.00
2015.04.17 11:12:52.835,12.03707,12.04031,0.00,0.00
2015.04.17 11:12:52.936,12.03686,12.0401,0.00,0.00
2015.04.17 11:12:53.268,12.03718,12.04032,0.00,0.00
2015.04.17 11:12:53.319,12.0369,12.04012,0.00,0.00
2015.04.17 11:12:53.420,12.03718,12.04032,0.00,0.00
2015.04.17 11:12:53.703,12.03709,12.04031,0.00,0.00
2015.04.17 11:12:53.819,12.03719,12.04007,0.00,0.00
2015.04.17 11:12:53.920,12.03683,12.04007,0.00,0.00
2015.04.17 11:12:58.012,12.03672,12.03984,0.00,0.00
2015.04.17 11:12:58.958,12.03672,12.03996,0.00,0.00
2015.04.17 11:12:59.614,12.03672,12.0398,0.00,0.00
2015.04.17 11:13:00.115,12.03683,12.04007,0.00,0.00
2015.04.17 11:13:00.338,12.03672,12.03979,0.00,0.00
2015.04.17 11:13:00.640,12.0359,12.03914,0.00,0.00
2015.04.17 11:13:00.690,12.03621,12.03914,0.00,0.00
2015.04.17 11:13:00.741,12.03633,12.03939,0.00,0.00
2015.04.17 11:13:00.916,12.03624,12.03939,0.00,0.00
2015.04.17 11:13:00.967,12.03624,12.03931,0.00,0.00
2015.04.17 11:13:01.017,12.03608,12.03931,0.00,0.00
2015.04.17 11:13:01.324,12.0362,12.03931,0.00,0.00
2015.04.17 11:13:01.425,12.03605,12.03929,0.00,0.00
2015.04.17 11:13:01.843,12.03623,12.03931,0.00,0.00
2015.04.17 11:13:01.944,12.03623,12.03947,0.00,0.00
2015.04.17 11:13:02.044,12.03623,12.03931,0.00,0.00
2015.04.17 11:13:02.118,12.03606,12.0393,0.00,0.00
2015.04.17 11:13:02.418,12.03621,12.03931,0.00,0.00
2015.04.17 11:13:02.644,12.03606,12.0393,0.00,0.00
2015.04.17 11:13:04.049,12.03571,12.03889,0.00,0.00
2015.04.17 11:13:04.372,12.03611,12.03904,0.00,0.00
2015.04.17 11:13:04.574,12.03496,12.03818,0.00,0.00
2015.04.17 11:13:05.047,12.03511,12.03832,0.00,0.00
2015.04.17 11:13:05.387,12.03521,12.03832,0.00,0.00
2015.04.17 11:13:06.525,12.03522,12.03832,0.00,0.00
2015.04.17 11:13:08.828,12.03531,12.03832,0.00,0.00
2015.04.17 11:13:08.879,12.03531,12.03855,0.00,0.00
2015.04.17 11:13:08.930,12.03522,12.03844,0.00,0.00
2015.04.17 11:13:09.295,12.03522,12.03832,0.00,0.00
2015.04.17 11:13:11.815,12.03522,12.03844,0.00,0.00
2015.04.17 11:13:11.966,12.03522,12.03831,0.00,0.00
2015.04.17 11:13:14.446,12.03521,12.03831,0.00,0.00
2015.04.17 11:13:14.496,12.03521,12.03845,0.00,0.00
2015.04.17 11:13:14.597,12.03521,12.03832,0.00,0.00
2015.04.17 11:13:16.808,12.03602,12.03845,0.00,0.00
2015.04.17 11:13:17.217,12.03602,12.03832,0.00,0.00
2015.04.17 11:13:17.425,12.03521,12.03832,0.00,0.00
2015.04.17 11:13:17.646,12.03521,12.03845,0.00,0.00
2015.04.17 11:13:17.696,12.03531,12.03855,0.00,0.00
2015.04.17 11:13:18.207,12.03521,12.03832,0.00,0.00
2015.04.17 11:13:21.401,12.03501,12.0382,0.00,0.00
2015.04.17 11:13:22.315,12.03502,12.0382,0.00,0.00
2015.04.17 11:13:22.365,12.03516,12.03832,0.00,0.00
2015.04.17 11:13:22.416,12.03518,12.0384,0.00,0.00
2015.04.17 11:13:22.517,12.03516,12.03832,0.00,0.00
2015.04.17 11:13:22.818,12.03518,12.0384,0.00,0.00
2015.04.17 11:13:22.868,12.03522,12.03844,0.00,0.00
2015.04.17 11:13:23.209,12.03522,12.03831,0.00,0.00
2015.04.17 11:13:24.960,12.03572,12.03831,0.00,0.00
2015.04.17 11:13:25.061,12.03522,12.03844,0.00,0.00
2015.04.17 11:13:25.161,12.03522,12.03832,0.00,0.00
2015.04.17 11:13:25.363,12.03521,12.03845,0.00,0.00
2015.04.17 11:13:25.464,12.03521,12.03831,0.00,0.00
2015.04.17 11:13:29.870,12.03532,12.03831,0.00,0.00
2015.04.17 11:13:29.971,12.03532,12.03854,0.00,0.00
2015.04.17 11:13:30.072,12.03542,12.03864,0.00,0.00
2015.04.17 11:13:31.473,12.03551,12.03875,0.00,0.00
2015.04.17 11:13:31.524,12.03568,12.03875,0.00,0.00
2015.04.17 11:13:31.575,12.03601,12.03909,0.00,0.00
2015.04.17 11:13:31.743,12.03601,12.03915,0.00,0.00
2015.04.17 11:13:35.881,12.03601,12.03898,0.00,0.00
2015.04.17 11:13:37.002,12.03601,12.0391,0.00,0.00
2015.04.17 11:13:37.483,12.03601,12.03895,0.00,0.00
2015.04.17 11:13:38.004,12.03601,12.03881,0.00,0.00
2015.04.17 11:13:38.054,12.03562,12.0387,0.00,0.00
2015.04.17 11:13:38.105,12.0355,12.03869,0.00,0.00
2015.04.17 11:13:38.206,12.0356,12.03882,0.00,0.00
2015.04.17 11:13:38.357,12.03569,12.03882,0.00,0.00
2015.04.17 11:13:38.888,12.03581,12.03905,0.00,0.00
2015.04.17 11:13:38.939,12.03602,12.03905,0.00,0.00
2015.04.17 11:13:38.989,12.03602,12.03915,0.00,0.00
2015.04.17 11:13:41.835,12.03604,12.03926,0.00,0.00
2015.04.17 11:13:42.502,12.03623,12.03931,0.00,0.00
2015.04.17 11:13:43.031,12.03701,12.03932,0.00,0.00
2015.04.17 11:13:43.216,12.03623,12.03932,0.00,0.00
2015.04.17 11:13:43.412,12.03634,12.03956,0.00,0.00
2015.04.17 11:13:45.508,12.03623,12.03947,0.00,0.00
2015.04.17 11:13:45.808,12.03634,12.03956,0.00,0.00
2015.04.17 11:13:47.012,12.03619,12.03921,0.00,0.00
2015.04.17 11:13:47.323,12.03619,12.03933,0.00,0.00
2015.04.17 11:13:48.726,12.03701,12.03944,0.00,0.00
2015.04.17 11:13:49.037,12.03701,12.03929,0.00,0.00
2015.04.17 11:13:49.371,12.03701,12.03915,0.00,0.00
2015.04.17 11:13:49.596,12.03619,12.03915,0.00,0.00
2015.04.17 11:13:50.527,12.03621,12.03945,0.00,0.00
2015.04.17 11:13:51.526,12.03621,12.03931,0.00,0.00
2015.04.17 11:13:51.984,12.03602,12.03908,0.00,0.00
2015.04.17 11:13:52.152,12.03602,12.03914,0.00,0.00
2015.04.17 11:13:55.562,12.03606,12.0393,0.00,0.00
2015.04.17 11:13:55.964,12.03602,12.03913,0.00,0.00
2015.04.17 11:13:57.970,12.03609,12.03931,0.00,0.00
2015.04.17 11:13:58.271,12.03602,12.03917,0.00,0.00
2015.04.17 11:14:00.694,12.03602,12.03911,0.00,0.00
2015.04.17 11:14:07.244,12.03601,12.03911,0.00,0.00
2015.04.17 11:14:07.295,12.03618,12.0394,0.00,0.00
2015.04.17 11:14:07.396,12.03616,12.03932,0.00,0.00
2015.04.17 11:14:07.670,12.03603,12.03927,0.00,0.00
2015.04.17 11:14:08.271,12.03617,12.03932,0.00,0.00
2015.04.17 11:14:09.095,12.03587,12.03909,0.00,0.00
2015.04.17 11:14:14.884,12.03582,12.03897,0.00,0.00
2015.04.17 11:14:14.934,12.03573,12.03897,0.00,0.00
2015.04.17 11:14:14.985,12.03573,12.03882,0.00,0.00
2015.04.17 11:14:15.085,12.03584,12.03908,0.00,0.00
2015.04.17 11:14:18.991,12.03581,12.0384,0.00,0.00
2015.04.17 11:14:19.091,12.03551,12.0384,0.00,0.00
2015.04.17 11:14:19.142,12.03516,12.03831,0.00,0.00
2015.04.17 11:14:19.243,12.03486,12.0381,0.00,0.00
2015.04.17 11:14:20.605,12.03521,12.03831,0.00,0.00
2015.04.17 11:14:22.015,12.03567,12.03858,0.00,0.00
2015.04.17 11:14:22.066,12.03567,12.03881,0.00,0.00
2015.04.17 11:14:22.116,12.03551,12.03854,0.00,0.00
2015.04.17 11:14:22.217,12.03532,12.03854,0.00,0.00
2015.04.17 11:14:23.726,12.03552,12.03874,0.00,0.00
2015.04.17 11:14:24.028,12.03581,12.0389,0.00,0.00
2015.04.17 11:14:24.964,12.03581,12.03881,0.00,0.00
2015.04.17 11:14:25.015,12.03566,12.03881,0.00,0.00
2015.04.17 11:14:25.216,12.03532,12.03854,0.00,0.00
2015.04.17 11:14:26.544,12.03568,12.0389,0.00,0.00
2015.04.17 11:14:26.995,12.03582,12.0389,0.00,0.00
2015.04.17 11:14:27.972,12.03582,12.03876,0.00,0.00
2015.04.17 11:14:28.127,12.03582,12.03889,0.00,0.00
2015.04.17 11:14:31.555,12.03582,12.03869,0.00,0.00
2015.04.17 11:14:31.776,12.03582,12.0389,0.00,0.00
2015.04.17 11:14:33.348,12.03582,12.0387,0.00,0.00
2015.04.17 11:14:36.554,12.03582,12.03854,0.00,0.00
2015.04.17 11:14:38.858,12.03582,12.03863,0.00,0.00
2015.04.17 11:14:39.060,12.03582,12.03877,0.00,0.00
2015.04.17 11:14:39.159,12.03582,12.03889,0.00,0.00
2015.04.17 11:14:39.260,12.03582,12.03879,0.00,0.00
2015.04.17 11:14:42.165,12.03582,12.03866,0.00,0.00
2015.04.17 11:14:44.071,12.03582,12.03863,0.00,0.00
2015.04.17 11:14:44.489,12.03582,12.03849,0.00,0.00
2015.04.17 11:14:44.593,12.03582,12.0388,0.00,0.00
2015.04.17 11:14:44.694,12.03582,12.03886,0.00,0.00
2015.04.17 11:14:44.772,12.03582,12.03898,0.00,0.00
2015.04.17 11:14:44.975,12.03582,12.03868,0.00,0.00
2015.04.17 11:14:45.513,12.03582,12.03869,0.00,0.00
2015.04.17 11:14:46.086,12.03582,12.03849,0.00,0.00
2015.04.17 11:14:46.814,12.03582,12.03868,0.00,0.00
2015.04.17 11:14:46.915,12.03582,12.03884,0.00,0.00
2015.04.17 11:14:47.491,12.03582,12.03849,0.00,0.00
2015.04.17 11:14:47.592,12.03582,12.03863,0.00,0.00
2015.04.17 11:14:47.792,12.03582,12.03878,0.00,0.00
2015.04.17 11:14:49.196,12.03582,12.03848,0.00,0.00
2015.04.17 11:14:49.298,12.03582,12.03891,0.00,0.00
2015.04.17 11:14:49.801,12.03582,12.03895,0.00,0.00
2015.04.17 11:14:51.061,12.0363,12.03895,0.00,0.00
2015.04.17 11:14:51.112,12.0363,12.03929,0.00,0.00
2015.04.17 11:14:51.213,12.03603,12.03927,0.00,0.00
2015.04.17 11:14:51.314,12.03588,12.03912,0.00,0.00
2015.04.17 11:14:51.777,12.03571,12.03893,0.00,0.00
2015.04.17 11:14:51.980,12.03599,12.03923,0.00,0.00
2015.04.17 11:14:53.389,12.03581,12.03893,0.00,0.00
2015.04.17 11:14:54.130,12.03601,12.03923,0.00,0.00
2015.04.17 11:14:56.128,12.03619,12.03923,0.00,0.00
2015.04.17 11:14:56.229,12.03619,12.03926,0.00,0.00
2015.04.17 11:14:56.330,12.03602,12.03926,0.00,0.00
2015.04.17 11:14:56.696,12.03586,12.0391,0.00,0.00
2015.04.17 11:14:59.401,12.03601,12.03925,0.00,0.00
2015.04.17 11:15:00.202,12.03581,12.03874,0.00,0.00
2015.04.17 11:15:00.504,12.03581,12.03888,0.00,0.00
2015.04.17 11:15:01.115,12.03581,12.03835,0.00,0.00
2015.04.17 11:15:01.165,12.03571,12.03835,0.00,0.00
2015.04.17 11:15:01.216,12.03571,12.03863,0.00,0.00
2015.04.17 11:15:01.267,12.03541,12.03863,0.00,0.00
2015.04.17 11:15:01.317,12.0351,12.03832,0.00,0.00
2015.04.17 11:15:01.657,12.03529,12.03851,0.00,0.00
2015.04.17 11:15:02.007,12.03509,12.03831,0.00,0.00
2015.04.17 11:15:02.384,12.03528,12.03831,0.00,0.00
2015.04.17 11:15:02.608,12.03509,12.03831,0.00,0.00
2015.04.17 11:15:02.709,12.03484,12.03806,0.00,0.00
2015.04.17 11:15:03.109,12.03481,12.03769,0.00,0.00
2015.04.17 11:15:04.010,12.03481,12.03787,0.00,0.00
2015.04.17 11:15:04.111,12.03481,12.03768,0.00,0.00
2015.04.17 11:15:05.114,12.03485,12.03809,0.00,0.00
2015.04.17 11:15:05.397,12.03519,12.03809,0.00,0.00
2015.04.17 11:15:05.447,12.03525,12.03848,0.00,0.00
2015.04.17 11:15:05.498,12.03569,12.03848,0.00,0.00
2015.04.17 11:15:05.548,12.03569,12.03883,0.00,0.00
2015.04.17 11:15:05.656,12.03591,12.03913,0.00,0.00
2015.04.17 11:15:05.916,12.03578,12.03902,0.00,0.00
2015.04.17 11:15:06.064,12.0359,12.03914,0.00,0.00
2015.04.17 11:15:06.369,12.03582,12.0389,0.00,0.00
2015.04.17 11:15:06.854,12.03582,12.03876,0.00,0.00
2015.04.17 11:15:07.025,12.03582,12.039,0.00,0.00
2015.04.17 11:15:08.622,12.03582,12.03885,0.00,0.00
2015.04.17 11:15:09.625,12.03582,12.03895,0.00,0.00
2015.04.17 11:15:11.374,12.03582,12.03906,0.00,0.00
2015.04.17 11:15:17.873,12.03569,12.03829,0.00,0.00
2015.04.17 11:15:17.924,12.03552,12.03829,0.00,0.00
2015.04.17 11:15:18.025,12.03475,12.03799,0.00,0.00
2015.04.17 11:15:18.728,12.03482,12.03799,0.00,0.00
2015.04.17 11:15:20.647,12.03482,12.03769,0.00,0.00
2015.04.17 11:15:20.748,12.03472,12.03769,0.00,0.00
2015.04.17 11:15:20.799,12.03472,12.03731,0.00,0.00
2015.04.17 11:15:20.849,12.03445,12.03731,0.00,0.00
2015.04.17 11:15:21.351,12.03419,12.03739,0.00,0.00
2015.04.17 11:15:21.452,12.03415,12.03732,0.00,0.00
2015.04.17 11:15:22.194,12.03418,12.03739,0.00,0.00
2015.04.17 11:15:22.295,12.03425,12.03749,0.00,0.00
2015.04.17 11:15:22.607,12.03432,12.03749,0.00,0.00
2015.04.17 11:15:22.953,12.0345,12.03774,0.00,0.00
2015.04.17 11:15:23.053,12.0346,12.03782,0.00,0.00
2015.04.17 11:15:23.453,12.03482,12.03799,0.00,0.00
2015.04.17 11:15:24.752,12.03482,12.03782,0.00,0.00
2015.04.17 11:15:24.904,12.03412,12.03732,0.00,0.00
2015.04.17 11:15:26.057,12.03393,12.03717,0.00,0.00
2015.04.17 11:15:26.157,12.03384,12.03706,0.00,0.00
2015.04.17 11:15:32.970,12.03401,12.03723,0.00,0.00
2015.04.17 11:15:33.128,12.03475,12.03799,0.00,0.00
2015.04.17 11:15:33.904,12.03482,12.03799,0.00,0.00
2015.04.17 11:15:34.251,12.03482,12.03771,0.00,0.00
2015.04.17 11:15:34.373,12.03482,12.03786,0.00,0.00
2015.04.17 11:15:43.734,12.03482,12.03799,0.00,0.00
2015.04.17 11:15:47.900,12.03482,12.0378,0.00,0.00
2015.04.17 11:15:48.001,12.03484,12.03806,0.00,0.00
2015.04.17 11:15:49.303,12.03482,12.03793,0.00,0.00
2015.04.17 11:15:50.105,12.03482,12.03777,0.00,0.00
2015.04.17 11:15:50.206,12.03419,12.03739,0.00,0.00
2015.04.17 11:15:50.256,12.03419,12.03732,0.00,0.00
2015.04.17 11:15:50.306,12.03393,12.03717,0.00,0.00
2015.04.17 11:15:50.524,12.03433,12.03732,0.00,0.00
2015.04.17 11:15:51.641,12.03434,12.03732,0.00,0.00
2015.04.17 11:15:53.732,12.03411,12.03695,0.00,0.00
2015.04.17 11:15:53.803,12.03371,12.03695,0.00,0.00
2015.04.17 11:15:54.055,12.03382,12.03695,0.00,0.00
2015.04.17 11:15:54.233,12.03385,12.03709,0.00,0.00
2015.04.17 11:15:55.014,12.03382,12.0369,0.00,0.00
2015.04.17 11:15:55.316,12.03371,12.03541,0.00,0.00
2015.04.17 11:15:55.366,12.03319,12.03588,0.00,0.00
2015.04.17 11:15:55.417,12.03291,12.03588,0.00,0.00
2015.04.17 11:15:55.584,12.03274,12.03579,0.00,0.00
2015.04.17 11:15:55.736,12.03283,12.03579,0.00,0.00
2015.04.17 11:15:55.815,12.0327,12.03579,0.00,0.00
2015.04.17 11:15:55.916,12.03268,12.03566,0.00,0.00
2015.04.17 11:15:56.117,12.03175,12.03488,0.00,0.00
2015.04.17 11:15:56.168,12.03175,12.03479,0.00,0.00
2015.04.17 11:15:56.740,12.03158,12.03479,0.00,0.00
2015.04.17 11:15:56.791,12.03158,12.03429,0.00,0.00
2015.04.17 11:15:56.892,12.03169,12.03469,0.00,0.00
2015.04.17 11:15:56.993,12.03158,12.03469,0.00,0.00
2015.04.17 11:15:57.043,12.03122,12.03378,0.00,0.00
2015.04.17 11:15:57.428,12.03169,12.03378,0.00,0.00
2015.04.17 11:15:57.793,12.03168,12.03457,0.00,0.00
2015.04.17 11:15:58.125,12.03168,12.03445,0.00,0.00
2015.04.17 11:15:58.226,12.03168,12.03457,0.00,0.00
2015.04.17 11:15:58.421,12.03168,12.03445,0.00,0.00
2015.04.17 11:15:59.338,12.03181,12.03445,0.00,0.00
2015.04.17 11:15:59.747,12.03181,12.03478,0.00,0.00
2015.04.17 11:16:01.234,12.03181,12.03468,0.00,0.00
2015.04.17 11:16:01.335,12.03181,12.03478,0.00,0.00
2015.04.17 11:16:01.553,12.03181,12.03498,0.00,0.00
2015.04.17 11:16:03.608,12.03177,12.03498,0.00,0.00
2015.04.17 11:16:04.336,12.03172,12.03478,0.00,0.00
2015.04.17 11:16:04.661,12.03176,12.03498,0.00,0.00
2015.04.17 11:16:04.838,12.03172,12.03484,0.00,0.00
2015.04.17 11:16:05.385,12.03171,12.03485,0.00,0.00
2015.04.17 11:16:05.734,12.03269,12.03583,0.00,0.00
2015.04.17 11:16:06.088,12.03261,12.03541,0.00,0.00
2015.04.17 11:16:06.139,12.03218,12.03541,0.00,0.00
2015.04.17 11:16:06.189,12.03218,12.0351,0.00,0.00
2015.04.17 11:16:06.341,12.03188,12.0351,0.00,0.00
2015.04.17 11:16:06.391,12.03181,12.03481,0.00,0.00
2015.04.17 11:16:07.302,12.03218,12.03481,0.00,0.00
2015.04.17 11:16:07.352,12.03218,12.03491,0.00,0.00
2015.04.17 11:16:08.714,12.03219,12.03491,0.00,0.00
2015.04.17 11:16:08.764,12.03269,12.03521,0.00,0.00
2015.04.17 11:16:09.284,12.03251,12.03521,0.00,0.00
2015.04.17 11:16:09.348,12.03251,12.03506,0.00,0.00
2015.04.17 11:16:09.456,12.03218,12.0349,0.00,0.00
2015.04.17 11:16:09.557,12.03211,12.0349,0.00,0.00
2015.04.17 11:16:09.607,12.03219,12.0349,0.00,0.00
2015.04.17 11:16:09.909,12.03229,12.0349,0.00,0.00
2015.04.17 11:16:10.224,12.03269,12.0354,0.00,0.00
2015.04.17 11:16:10.476,12.03269,12.03525,0.00,0.00
2015.04.17 11:16:10.527,12.03218,12.03525,0.00,0.00
2015.04.17 11:16:10.660,12.03218,12.0352,0.00,0.00
2015.04.17 11:16:10.974,12.03218,12.0349,0.00,0.00
2015.04.17 11:16:12.015,12.0322,12.0349,0.00,0.00
2015.04.17 11:16:12.166,12.03268,12.03558,0.00,0.00
2015.04.17 11:16:12.366,12.03268,12.03573,0.00,0.00
2015.04.17 11:16:12.656,12.03268,12.03556,0.00,0.00
2015.04.17 11:16:13.370,12.03268,12.03568,0.00,0.00
2015.04.17 11:16:14.072,12.03268,12.03557,0.00,0.00
2015.04.17 11:16:14.374,12.03268,12.03577,0.00,0.00
2015.04.17 11:16:14.460,12.03268,12.03561,0.00,0.00
2015.04.17 11:16:14.796,12.03268,12.03547,0.00,0.00
2015.04.17 11:16:15.176,12.03268,12.03564,0.00,0.00
2015.04.17 11:16:16.765,12.03268,12.0358,0.00,0.00
2015.04.17 11:16:17.693,12.03301,12.0361,0.00,0.00
2015.04.17 11:16:17.794,12.03301,12.03621,0.00,0.00
2015.04.17 11:16:18.096,12.03301,12.03606,0.00,0.00
2015.04.17 11:16:18.197,12.03301,12.03621,0.00,0.00
2015.04.17 11:16:19.999,12.03301,12.0359,0.00,0.00
2015.04.17 11:16:20.170,12.03301,12.03606,0.00,0.00
2015.04.17 11:16:20.270,12.03301,12.03622,0.00,0.00
2015.04.17 11:16:20.377,12.03374,12.03632,0.00,0.00
2015.04.17 11:16:20.428,12.03381,12.03696,0.00,0.00
2015.04.17 11:16:20.478,12.03384,12.03698,0.00,0.00
2015.04.17 11:16:20.816,12.03418,12.03698,0.00,0.00
2015.04.17 11:16:21.224,12.03418,12.03723,0.00,0.00
2015.04.17 11:16:21.462,12.03418,12.0369,0.00,0.00
2015.04.17 11:16:22.175,12.03418,12.03716,0.00,0.00
2015.04.17 11:16:22.363,12.03468,12.03716,0.00,0.00
2015.04.17 11:16:22.413,12.03468,12.03741,0.00,0.00
2015.04.17 11:16:22.514,12.03468,12.03757,0.00,0.00
2015.04.17 11:16:23.608,12.03468,12.03741,0.00,0.00
2015.04.17 11:16:24.266,12.03469,12.03741,0.00,0.00
2015.04.17 11:16:26.914,12.03469,12.03764,0.00,0.00
2015.04.17 11:16:27.119,12.03469,12.03748,0.00,0.00
2015.04.17 11:16:28.769,12.03518,12.03748,0.00,0.00
2015.04.17 11:16:28.820,12.03518,12.03769,0.00,0.00
2015.04.17 11:16:28.925,12.03518,12.03805,0.00,0.00
2015.04.17 11:16:29.430,12.03568,12.03805,0.00,0.00
2015.04.17 11:16:29.489,12.03568,12.03849,0.00,0.00
2015.04.17 11:16:29.590,12.03568,12.03831,0.00,0.00
2015.04.17 11:16:30.370,12.03569,12.03831,0.00,0.00
2015.04.17 11:16:30.421,12.03542,12.03831,0.00,0.00
2015.04.17 11:16:30.526,12.03569,12.03831,0.00,0.00
2015.04.17 11:16:30.791,12.03569,12.03835,0.00,0.00
2015.04.17 11:16:31.081,12.03619,12.03835,0.00,0.00
2015.04.17 11:16:31.131,12.03629,12.03891,0.00,0.00
2015.04.17 11:16:31.234,12.03632,12.03941,0.00,0.00
2015.04.17 11:16:31.285,12.03669,12.03941,0.00,0.00
2015.04.17 11:16:31.629,12.03669,12.03984,0.00,0.00
2015.04.17 11:16:35.124,12.03719,12.03984,0.00,0.00
2015.04.17 11:16:35.224,12.03719,12.04019,0.00,0.00
2015.04.17 11:16:35.275,12.03769,12.04063,0.00,0.00
2015.04.17 11:16:37.245,12.03731,12.04063,0.00,0.00
2015.04.17 11:16:37.296,12.03719,12.04059,0.00,0.00
2015.04.17 11:16:37.403,12.03719,12.04033,0.00,0.00
2015.04.17 11:16:39.156,12.0373,12.04033,0.00,0.00
2015.04.17 11:16:39.257,12.03768,12.04085,0.00,0.00
2015.04.17 11:16:41.510,12.03768,12.04067,0.00,0.00
2015.04.17 11:16:42.419,12.03768,12.04088,0.00,0.00
2015.04.17 11:16:44.859,12.03768,12.04106,0.00,0.00
2015.04.17 11:16:44.910,12.03829,12.04106,0.00,0.00
2015.04.17 11:16:44.961,12.03868,12.04189,0.00,0.00
2015.04.17 11:16:45.118,12.03868,12.04199,0.00,0.00
2015.04.17 11:16:45.168,12.03918,12.04199,0.00,0.00
2015.04.17 11:16:45.369,12.03869,12.04199,0.00,0.00
2015.04.17 11:16:45.420,12.03869,12.04188,0.00,0.00
2015.04.17 11:16:47.247,12.03918,12.04199,0.00,0.00
2015.04.17 11:16:47.429,12.03918,12.04225,0.00,0.00
2015.04.17 11:16:47.548,12.03918,12.04241,0.00,0.00
2015.04.17 11:16:48.251,12.03918,12.04232,0.00,0.00
2015.04.17 11:16:48.929,12.03918,12.0425,0.00,0.00
2015.04.17 11:16:49.126,12.03918,12.04232,0.00,0.00
2015.04.17 11:16:50.248,12.03918,12.04253,0.00,0.00
2015.04.17 11:16:50.304,12.03968,12.04253,0.00,0.00
2015.04.17 11:16:50.355,12.03968,12.04264,0.00,0.00
2015.04.17 11:16:50.561,12.03968,12.04283,0.00,0.00
2015.04.17 11:16:51.029,12.03968,12.04267,0.00,0.00
2015.04.17 11:16:51.566,12.03968,12.04291,0.00,0.00
2015.04.17 11:16:52.502,12.04019,12.04291,0.00,0.00
2015.04.17 11:16:52.553,12.04029,12.04359,0.00,0.00
2015.04.17 11:16:52.612,12.04069,12.04359,0.00,0.00
2015.04.17 11:16:52.663,12.04069,12.04398,0.00,0.00
2015.04.17 11:16:53.980,12.04118,12.04398,0.00,0.00
2015.04.17 11:16:54.081,12.04068,12.04398,0.00,0.00
2015.04.17 11:16:54.181,12.04068,12.04393,0.00,0.00
2015.04.17 11:17:02.254,12.04068,12.04398,0.00,0.00
2015.04.17 11:17:08.512,12.04091,12.04407,0.00,0.00
2015.04.17 11:17:08.814,12.04069,12.04348,0.00,0.00
2015.04.17 11:17:09.889,12.04069,12.04371,0.00,0.00
2015.04.17 11:17:09.990,12.04069,12.0438,0.00,0.00
2015.04.17 11:17:11.315,12.04072,12.04394,0.00,0.00
2015.04.17 11:17:11.415,12.04069,12.04359,0.00,0.00
2015.04.17 11:17:11.772,12.04069,12.04347,0.00,0.00
2015.04.17 11:17:13.384,12.04069,12.04379,0.00,0.00
2015.04.17 11:17:14.178,12.04069,12.04347,0.00,0.00
2015.04.17 11:17:14.527,12.04069,12.04376,0.00,0.00
2015.04.17 11:17:14.579,12.04082,12.04398,0.00,0.00
2015.04.17 11:17:14.928,12.04082,12.04404,0.00,0.00
2015.04.17 11:17:14.978,12.04119,12.04404,0.00,0.00
2015.04.17 11:17:15.079,12.04069,12.0438,0.00,0.00
2015.04.17 11:17:15.222,12.04078,12.04402,0.00,0.00
2015.04.17 11:17:15.381,12.04069,12.04381,0.00,0.00
2015.04.17 11:17:15.882,12.04069,12.04371,0.00,0.00
2015.04.17 11:17:16.276,12.04069,12.04356,0.00,0.00
2015.04.17 11:17:17.685,12.04069,12.04365,0.00,0.00
2015.04.17 11:17:18.028,12.04069,12.0435,0.00,0.00
2015.04.17 11:17:18.129,12.04069,12.04365,0.00,0.00
2015.04.17 11:17:20.126,12.04069,12.04355,0.00,0.00
2015.04.17 11:17:21.812,12.04119,12.04355,0.00,0.00
2015.04.17 11:17:21.913,12.04118,12.0441,0.00,0.00
2015.04.17 11:17:22.458,12.04169,12.0441,0.00,0.00
2015.04.17 11:17:22.509,12.04169,12.0442,0.00,0.00
2015.04.17 11:17:22.614,12.04169,12.04439,0.00,0.00
2015.04.17 11:17:23.096,12.04169,12.04426,0.00,0.00
2015.04.17 11:17:23.618,12.04169,12.04425,0.00,0.00
2015.04.17 11:17:23.719,12.04169,12.04437,0.00,0.00
2015.04.17 11:17:24.019,12.04169,12.04425,0.00,0.00
2015.04.17 11:17:25.525,12.04169,12.0445,0.00,0.00
2015.04.17 11:17:25.800,12.04169,12.04441,0.00,0.00
2015.04.17 11:17:27.224,12.04169,12.04455,0.00,0.00
2015.04.17 11:17:27.438,12.04169,12.04441,0.00,0.00
2015.04.17 11:17:34.762,12.04169,12.04454,0.00,0.00
2015.04.17 11:17:37.504,12.04219,12.04454,0.00,0.00
2015.04.17 11:17:37.668,12.04219,12.04505,0.00,0.00
2015.04.17 11:17:37.970,12.04219,12.0449,0.00,0.00
2015.04.17 11:17:38.170,12.04219,12.04508,0.00,0.00
2015.04.17 11:17:38.444,12.04219,12.04494,0.00,0.00
2015.04.17 11:17:39.535,12.04219,12.0451,0.00,0.00
2015.04.17 11:17:40.025,12.04219,12.04495,0.00,0.00
2015.04.17 11:17:40.673,12.04219,12.04518,0.00,0.00
2015.04.17 11:17:40.723,12.04268,12.04518,0.00,0.00
2015.04.17 11:17:40.774,12.04268,12.04537,0.00,0.00
2015.04.17 11:17:41.026,12.04268,12.04526,0.00,0.00
2015.04.17 11:17:41.330,12.04219,12.04446,0.00,0.00
2015.04.17 11:17:41.381,12.04169,12.04446,0.00,0.00
2015.04.17 11:17:42.985,12.04169,12.04458,0.00,0.00
2015.04.17 11:17:43.749,12.04169,12.04446,0.00,0.00
2015.04.17 11:17:44.593,12.04169,12.04456,0.00,0.00
2015.04.17 11:17:45.051,12.04169,12.04445,0.00,0.00
2015.04.17 11:17:45.484,12.04169,12.04456,0.00,0.00
2015.04.17 11:17:46.492,12.04211,12.04456,0.00,0.00
2015.04.17 11:17:46.592,12.0423,12.045,0.00,0.00
2015.04.17 11:17:46.643,12.04268,12.045,0.00,0.00
2015.04.17 11:17:46.694,12.04268,12.04541,0.00,0.00
2015.04.17 11:17:47.602,12.04268,12.04555,0.00,0.00
2015.04.17 11:17:47.703,12.04268,12.04541,0.00,0.00
2015.04.17 11:17:47.812,12.04268,12.04562,0.00,0.00
2015.04.17 11:17:48.191,12.04268,12.0458,0.00,0.00
2015.04.17 11:17:49.108,12.04268,12.0454,0.00,0.00
2015.04.17 11:17:51.775,12.04268,12.04557,0.00,0.00
2015.04.17 11:17:52.104,12.04268,12.04541,0.00,0.00
2015.04.17 11:17:52.221,12.04268,12.04573,0.00,0.00
2015.04.17 11:17:52.272,12.04369,12.04573,0.00,0.00
2015.04.17 11:17:52.322,12.04369,12.04618,0.00,0.00
2015.04.17 11:17:52.373,12.04319,12.04618,0.00,0.00
2015.04.17 11:17:52.476,12.04269,12.04576,0.00,0.00
2015.04.17 11:17:52.526,12.04269,12.04551,0.00,0.00
2015.04.17 11:17:54.086,12.04269,12.04561,0.00,0.00
2015.04.17 11:17:54.226,12.04269,12.04576,0.00,0.00
2015.04.17 11:17:55.106,12.04269,12.0456,0.00,0.00
2015.04.17 11:17:55.458,12.04319,12.0456,0.00,0.00
2015.04.17 11:17:55.609,12.04319,12.04609,0.00,0.00
2015.04.17 11:17:55.730,12.04319,12.0463,0.00,0.00
2015.04.17 11:17:56.183,12.04333,12.04657,0.00,0.00
2015.04.17 11:17:56.234,12.04368,12.04657,0.00,0.00
2015.04.17 11:17:56.284,12.04368,12.04687,0.00,0.00
2015.04.17 11:17:58.138,12.04368,12.04666,0.00,0.00
2015.04.17 11:17:58.941,12.04342,12.04666,0.00,0.00
2015.04.17 11:17:59.132,12.04318,12.04632,0.00,0.00
2015.04.17 11:17:59.501,12.04318,12.04607,0.00,0.00
2015.04.17 11:17:59.743,12.04285,12.04607,0.00,0.00
2015.04.17 11:17:59.796,12.04269,12.0458,0.00,0.00
2015.04.17 11:18:02.103,12.04269,12.04569,0.00,0.00
2015.04.17 11:18:02.301,12.04269,12.04584,0.00,0.00
2015.04.17 11:18:06.096,12.04262,12.04522,0.00,0.00
2015.04.17 11:18:06.147,12.04226,12.04518,0.00,0.00
2015.04.17 11:18:06.248,12.0419,12.04512,0.00,0.00
2015.04.17 11:18:06.349,12.04172,12.04496,0.00,0.00
2015.04.17 11:18:11.266,12.04168,12.04479,0.00,0.00
2015.04.17 11:18:12.122,12.04168,12.04492,0.00,0.00
2015.04.17 11:18:12.723,12.04178,12.04502,0.00,0.00
2015.04.17 11:18:21.462,12.04168,12.04482,0.00,0.00
2015.04.17 11:18:21.562,12.04178,12.04502,0.00,0.00
2015.04.17 11:18:21.613,12.04268,12.04502,0.00,0.00
2015.04.17 11:18:21.663,12.04268,12.04517,0.00,0.00
2015.04.17 11:18:21.737,12.04268,12.04587,0.00,0.00
2015.04.17 11:18:21.938,12.04319,12.04609,0.00,0.00
2015.04.17 11:18:21.989,12.0433,12.04626,0.00,0.00
2015.04.17 11:18:22.040,12.04347,12.04638,0.00,0.00
2015.04.17 11:18:22.315,12.04361,12.04671,0.00,0.00
2015.04.17 11:18:22.490,12.04469,12.04686,0.00,0.00
2015.04.17 11:18:22.540,12.04469,12.04739,0.00,0.00
2015.04.17 11:18:22.952,12.04519,12.04739,0.00,0.00
2015.04.17 11:18:23.002,12.04519,12.04786,0.00,0.00
2015.04.17 11:18:23.053,12.04519,12.04808,0.00,0.00
2015.04.17 11:18:23.154,12.04468,12.04818,0.00,0.00
2015.04.17 11:18:23.255,12.04468,12.04802,0.00,0.00
2015.04.17 11:18:23.562,12.04468,12.04819,0.00,0.00
2015.04.17 11:18:24.123,12.04469,12.04819,0.00,0.00
2015.04.17 11:18:24.173,12.04529,12.04838,0.00,0.00
2015.04.17 11:18:24.511,12.04569,12.04908,0.00,0.00
2015.04.17 11:18:25.846,12.04569,12.04902,0.00,0.00
2015.04.17 11:18:25.946,12.04569,12.04908,0.00,0.00
2015.04.17 11:18:26.179,12.04569,12.04891,0.00,0.00
2015.04.17 11:18:26.348,12.04569,12.04908,0.00,0.00
2015.04.17 11:18:26.650,12.04569,12.04891,0.00,0.00
2015.04.17 11:18:26.951,12.04569,12.04908,0.00,0.00
2015.04.17 11:18:28.353,12.04569,12.04892,0.00,0.00
2015.04.17 11:18:29.790,12.04569,12.04908,0.00,0.00
2015.04.17 11:18:32.161,12.04569,12.04891,0.00,0.00
2015.04.17 11:18:35.415,12.04569,12.0489,0.00,0.00
2015.04.17 11:18:35.747,12.04569,12.04842,0.00,0.00
2015.04.17 11:18:36.097,12.04569,12.04837,0.00,0.00
2015.04.17 11:18:36.197,12.04569,12.04856,0.00,0.00
2015.04.17 11:18:37.479,12.04569,12.04846,0.00,0.00
2015.04.17 11:18:37.680,12.04622,12.04944,0.00,0.00
2015.04.17 11:18:37.781,12.04618,12.04926,0.00,0.00
2015.04.17 11:18:38.085,12.04618,12.04935,0.00,0.00
2015.04.17 11:18:38.185,12.04618,12.04915,0.00,0.00
2015.04.17 11:18:38.487,12.04618,12.0493,0.00,0.00
2015.04.17 11:18:39.186,12.04618,12.04912,0.00,0.00
2015.04.17 11:18:39.601,12.04618,12.04928,0.00,0.00
2015.04.17 11:18:40.081,12.04668,12.04928,0.00,0.00
2015.04.17 11:18:40.604,12.04662,12.04911,0.00,0.00
2015.04.17 11:18:40.705,12.04662,12.04928,0.00,0.00
2015.04.17 11:18:41.026,12.04619,12.04928,0.00,0.00
2015.04.17 11:18:42.396,12.04619,12.04901,0.00,0.00
2015.04.17 11:18:42.547,12.04569,12.04873,0.00,0.00
2015.04.17 11:18:42.793,12.04569,12.04869,0.00,0.00
2015.04.17 11:18:42.893,12.04569,12.04886,0.00,0.00
2015.04.17 11:18:43.796,12.04569,12.04867,0.00,0.00
2015.04.17 11:18:44.015,12.04569,12.04883,0.00,0.00
2015.04.17 11:18:45.215,12.04569,12.04869,0.00,0.00
2015.04.17 11:18:45.818,12.04569,12.04891,0.00,0.00
2015.04.17 11:18:46.010,12.04569,12.04871,0.00,0.00
2015.04.17 11:18:46.813,12.04669,12.04871,0.00,0.00
2015.04.17 11:18:46.914,12.04668,12.04986,0.00,0.00
2015.04.17 11:18:47.422,12.04673,12.04995,0.00,0.00
2015.04.17 11:18:47.603,12.04668,12.04985,0.00,0.00
2015.04.17 11:18:47.924,12.04679,12.05001,0.00,0.00
2015.04.17 11:18:48.321,12.0469,12.04982,0.00,0.00
2015.04.17 11:18:48.422,12.04719,12.05036,0.00,0.00
2015.04.17 11:18:48.834,12.04718,12.0502,0.00,0.00
2015.04.17 11:18:49.261,12.04718,12.05005,0.00,0.00
2015.04.17 11:18:50.022,12.04718,12.05037,0.00,0.00
2015.04.17 11:18:50.942,12.04761,12.05037,0.00,0.00
2015.04.17 11:18:51.263,12.04761,12.05015,0.00,0.00
2015.04.17 11:18:51.433,12.04761,12.0503,0.00,0.00
2015.04.17 11:18:51.722,12.04719,12.04972,0.00,0.00
2015.04.17 11:18:51.772,12.04668,12.04972,0.00,0.00
2015.04.17 11:18:52.146,12.04669,12.04991,0.00,0.00
2015.04.17 11:18:52.514,12.04668,12.04981,0.00,0.00
2015.04.17 11:18:52.721,12.04718,12.05037,0.00,0.00
2015.04.17 11:18:53.061,12.04769,12.05037,0.00,0.00
2015.04.17 11:18:53.212,12.04719,12.05036,0.00,0.00
2015.04.17 11:18:53.550,12.04719,12.05025,0.00,0.00
2015.04.17 11:18:53.882,12.04719,12.0501,0.00,0.00
2015.04.17 11:18:54.052,12.04719,12.05025,0.00,0.00
2015.04.17 11:18:54.943,12.04684,12.05006,0.00,0.00
2015.04.17 11:18:55.044,12.04672,12.04996,0.00,0.00
2015.04.17 11:18:55.494,12.04719,12.04996,0.00,0.00
2015.04.17 11:18:55.544,12.04719,12.05037,0.00,0.00
2015.04.17 11:18:55.964,12.04719,12.05022,0.00,0.00
2015.04.17 11:18:56.511,12.04701,12.05022,0.00,0.00
2015.04.17 11:18:56.562,12.04668,12.04972,0.00,0.00
2015.04.17 11:18:57.966,12.04684,12.05006,0.00,0.00
2015.04.17 11:18:58.067,12.04703,12.05022,0.00,0.00
2015.04.17 11:18:58.225,12.04687,12.05011,0.00,0.00
2015.04.17 11:18:59.136,12.04719,12.05037,0.00,0.00
2015.04.17 11:18:59.438,12.04768,12.05072,0.00,0.00
2015.04.17 11:19:00.931,12.04768,12.0505,0.00,0.00
2015.04.17 11:19:01.933,12.04768,12.05087,0.00,0.00
2015.04.17 11:19:17.558,12.04768,12.05066,0.00,0.00
2015.04.17 11:19:17.773,12.04768,12.05087,0.00,0.00
2015.04.17 11:19:18.460,12.04768,12.05067,0.00,0.00
2015.04.17 11:19:18.673,12.04768,12.05087,0.00,0.00
2015.04.17 11:19:19.398,12.04768,12.05068,0.00,0.00
2015.04.17 11:19:20.964,12.04768,12.05086,0.00,0.00
2015.04.17 11:19:23.210,12.04863,12.05138,0.00,0.00
2015.04.17 11:19:23.260,12.04863,12.05172,0.00,0.00
2015.04.17 11:19:23.369,12.04842,12.05166,0.00,0.00
2015.04.17 11:19:23.469,12.04863,12.05172,0.00,0.00
2015.04.17 11:19:23.861,12.04868,12.05187,0.00,0.00
2015.04.17 11:19:25.700,12.04868,12.05163,0.00,0.00
2015.04.17 11:19:25.873,12.04868,12.05179,0.00,0.00
2015.04.17 11:19:26.020,12.04869,12.05191,0.00,0.00
2015.04.17 11:19:27.176,12.04868,12.0518,0.00,0.00
2015.04.17 11:19:29.179,12.04868,12.05191,0.00,0.00
2015.04.17 11:19:29.606,12.04868,12.05175,0.00,0.00
2015.04.17 11:19:30.080,12.04868,12.05159,0.00,0.00
2015.04.17 11:19:31.181,12.04868,12.0519,0.00,0.00
2015.04.17 11:19:31.231,12.04918,12.0519,0.00,0.00
2015.04.17 11:19:31.282,12.04918,12.05217,0.00,0.00
2015.04.17 11:19:31.383,12.04918,12.05235,0.00,0.00
2015.04.17 11:19:31.782,12.04918,12.05237,0.00,0.00
2015.04.17 11:19:33.084,12.04918,12.05215,0.00,0.00
2015.04.17 11:19:33.385,12.04918,12.05232,0.00,0.00
2015.04.17 11:19:35.960,12.04968,12.05232,0.00,0.00
2015.04.17 11:19:36.011,12.04968,12.05246,0.00,0.00
2015.04.17 11:19:36.111,12.04968,12.05237,0.00,0.00
2015.04.17 11:19:36.313,12.04961,12.05236,0.00,0.00
2015.04.17 11:19:36.414,12.04969,12.05237,0.00,0.00
2015.04.17 11:19:36.615,12.04961,12.05237,0.00,0.00
2015.04.17 11:19:36.930,12.04918,12.05237,0.00,0.00
2015.04.17 11:19:37.303,12.04968,12.05237,0.00,0.00
2015.04.17 11:19:37.404,12.04918,12.05237,0.00,0.00
2015.04.17 11:19:38.009,12.04918,12.05227,0.00,0.00
2015.04.17 11:19:38.311,12.04918,12.05236,0.00,0.00
2015.04.17 11:19:38.713,12.04968,12.05236,0.00,0.00
2015.04.17 11:19:38.937,12.04962,12.05236,0.00,0.00
2015.04.17 11:19:39.641,12.04919,12.05236,0.00,0.00
2015.04.17 11:19:40.921,12.04914,12.05222,0.00,0.00
2015.04.17 11:19:41.022,12.04918,12.05237,0.00,0.00
2015.04.17 11:19:42.010,12.04968,12.05237,0.00,0.00
2015.04.17 11:19:42.161,12.04968,12.05271,0.00,0.00
2015.04.17 11:19:43.110,12.04962,12.05221,0.00,0.00
2015.04.17 11:19:43.311,12.04908,12.05221,0.00,0.00
2015.04.17 11:19:43.440,12.04919,12.05196,0.00,0.00
2015.04.17 11:19:43.591,12.04919,12.05236,0.00,0.00
2015.04.17 11:19:44.650,12.04969,12.05236,0.00,0.00
2015.04.17 11:19:44.801,12.04969,12.05256,0.00,0.00
2015.04.17 11:19:44.852,12.04969,12.05272,0.00,0.00
2015.04.17 11:19:47.257,12.04969,12.05286,0.00,0.00
2015.04.17 11:19:59.386,12.04969,12.05277,0.00,0.00
2015.04.17 11:19:59.436,12.04953,12.05272,0.00,0.00
2015.04.17 11:19:59.537,12.04939,12.05261,0.00,0.00
2015.04.17 11:19:59.587,12.04918,12.05237,0.00,0.00
2015.04.17 11:20:00.976,12.04913,12.05221,0.00,0.00
2015.04.17 11:20:01.026,12.04903,12.05221,0.00,0.00
2015.04.17 11:20:01.077,12.04918,12.05227,0.00,0.00
2015.04.17 11:20:01.127,12.04918,12.05237,0.00,0.00
2015.04.17 11:20:01.944,12.04913,12.05222,0.00,0.00
2015.04.17 11:20:01.995,12.04894,12.05216,0.00,0.00
2015.04.17 11:20:02.096,12.04878,12.05202,0.00,0.00
2015.04.17 11:20:02.381,12.04918,12.05202,0.00,0.00
2015.04.17 11:20:02.432,12.04918,12.0522,0.00,0.00
2015.04.17 11:20:02.532,12.04903,12.05221,0.00,0.00
2015.04.17 11:20:03.109,12.04964,12.05221,0.00,0.00
2015.04.17 11:20:03.525,12.04979,12.05221,0.00,0.00
2015.04.17 11:20:03.793,12.04969,12.05221,0.00,0.00
2015.04.17 11:20:04.394,12.04988,12.05221,0.00,0.00
2015.04.17 11:20:06.208,12.04988,12.05312,0.00,0.00
2015.04.17 11:20:06.712,12.04968,12.05285,0.00,0.00
2015.04.17 11:20:07.199,12.04968,12.05282,0.00,0.00
2015.04.17 11:20:08.603,12.04968,12.05292,0.00,0.00
2015.04.17 11:20:12.407,12.04968,12.0528,0.00,0.00
2015.04.17 11:20:13.732,12.04968,12.05261,0.00,0.00
2015.04.17 11:20:14.123,12.04968,12.05247,0.00,0.00
2015.04.17 11:20:14.274,12.04877,12.05201,0.00,0.00
2015.04.17 11:20:14.325,12.0488,12.05204,0.00,0.00
